3525 5500
370 997 508 1087 strum.
524 992 575 1065 'l'e
603 992 644 1063 V.
669 989 722 1064 G:
740 1012 879 1086 semper
914 1009 1045 1063 summa
1071 989 1314 1062 observatione
1342 998 1375 1060 et

265 1100 494 1169 veneratione
515 1096 692 1183 coluerim
710 1103 781 1165 tum
802 1098 839 1164 in
855 1094 921 1166 lro‘c
941 1094 1116 1187 opusculo,
1144 1092 1233 1186 q'uod
1249 1090 1375 1172 'illustri

265 1200 343 1272 'luo
377 1203 506 1273 nomini
537 1202 733 1294 inscriptum
763 1204 864 1268 mann
903 1206 1022 1284 tenes,
1064 1194 1272 1269 elaborando
1302 1196 1375 1266 Tua

267 1306 456 1375 auotoritas
490 1312 524 1374 et
557 1302 666 1373 Taum
700 1301 892 1395 exemplum
928 1301 1044 1371 xanimo
1076 1320 1172 1371 meo:
1192 1298 1375 1370 obuersata

265 1415 352 1480 sunt.
404 1406 455 1477 'le
480 1408 605 1501 qnippe
624 1406 745 1475 ducem
762 1410 923 1490 serulus,
940 1407 1008 1496 'qui
1027 1408 1114 1474 ante
1140 1402 1202 1473 laos
1220 1410 1375 1495 quataror

266 1530 397 1599 annos,
426 1532 526 1603 quum
553 1508 597 1579 de
612 1508 753 1581 scholiis
765 1508 936 1578 Persianis
958 1510 1106 1601 primum·
1120 1504 1323 1599 disputabas,
1340 1507 1375 1575 ia

265 1614 346 1685 artis
366 1616 504 1683 criticae
522 1610 769 1701 difficultatem,
790 1616 887 1702 {quae
902 1613 936 1680 in
955 1612 1060 1681 variis
1080 1608 1231 1682 oodiouin
1248 1608 1375 1696 lectio-

265 1715 365 1788 nibus
391 1714 624 1789 existimantis
641 1722 687 1786 et
706 1712 925 1785 diiudicandis
950 1724 1118 1801 cernatur,
1147 1734 1201 1798 ea,
1229 1734 1293 1804 qua
1311 1732 1375 1783 so·-

265 1821 330 1907 lea
359 1818 532 1911 diligentia
551 1825 584 1888 et
602 1816 781 1889 subtilitate
796 1819 1025 1910 inquisiverit,
1048 1818 1244 1911 opinionem
1266 1831 1374 1908 prutes⁴

265 1921 463 2010 iudicatam,
515 1941 604 2015 quae
645 1920 690 1991 de
732 1922 951 2011 eonipoturali
991 1928 1076 1991 arte.
1108 1920 1218 2011 vulgo
1251 1917 1375 2007 fertur,

266 2026 334 2098 hae
363 2026 667 2110 commentatione,
703 2030 859 2118 quantum
896 2028 930 2095 in
957 2046 1013 2093 me
1039 2024 1138 2102 situm
1166 2030 1238 2109 eet,
1264 2019 1375 2090 labe-

148 2167 149 2174 1
266 2128 396 2199 lactare
419 2136 532 2221 atque
562 2130 761 2199 imminuere
793 2129 939 2198 institui:
976 2128 1188 2220 quamquam*
1216 2134 1277 2195 me.
1305 2142 1377 2192 non

267 2230 355 2325 fagil
380 2233 577 2325 opinionem
599 2230 708 2304 semel
737 2241 954 2325 ooneaptam‚
981 2252 1047 2322 quo
1077 2230 1189 2319 magis
1206 2234 1377 2297 uetustate

271 2344 305 2407 el
330 2334 596 2423 consuetudine,
629 2355 729 2427 quam
752 2336 887 2403 ratione
918 2341 954 2403 et
980 2333 1132 2403 doetrina
1158 2332 1301 2417 nitatur,
1329 2332 1374 2399 eo

148 2425 149 2438 ³
275 2442 409 2530 aegrius
433 2436 570 2533 deponi.
604 2436 910 2527 „Coniectararam
937 2458 991 2509 ars
1019 2446 1148 2524 autem,
1174 2436 1271 2525 larga
1298 2432 1378 2503 olim

272 2540 307 2613 in
339 2541 481 2615 Graecis
511 2540 710 2633 latinisque
735 2538 842 2612 literis
875 2540 985 2613 laudis
1017 2548 1117 2633 atque
1154 2537 1376 2621 oertaminuar

148 2633 149 2670 ³
268 2647 448 2734 materies,
490 2666 581 2715 nune
614 2642 883 2737 fatali-quadam
918 2645 1114 2713 temeritatis
1139 2641 1238 2711 vfama
1276 2648 1377 2731 atque

269 2751 372 2820 animi
398 2751 433 2819 in
451 2746 708 2819 frivoloslusas
735 2751 904 2840 propensi·
923 2746 1010 2840 apud
1033 2749 1218 2840 p'erooqne
1243 2743 1376 2836 premi·-

267 2848 357 2922 tur.“
410 2851 515 2936 Quae·
533 2849 641 2920 verba
666 2859 715 2919 ut·
728 2852 909 2921 uerissime
937 2849 1024 2918 diota
1051 2857 1127 2921 aunt
1153 2845 1378 2939 aSeyllerlio

268 2956 305 3026 in
329 2954 557 3024 Praelatione.
571 2951 852 3024 Emendatiomrm
879 2953 1109 3040 Taoiteamm,
1142 2954 1187 3020 ita
1209 2947 1377 3042 ‹equldom

268 3056 460 3129 infamatam
488 3056 683 3128 utilissimae
710 3059 792 3127 artis
810 3056 909 3128 iidem
928 3077 1065 3150 semper
1090 3055 1149 3126 tull
1168 3053 1380 3144 aegerrima:

270 3163 394 3255 quippe
419 3183 541 3254 qaum,
574 3162 605 3231 si
631 3161 691 3231 vel
716 3160 879 3233 liberiore
907 3161 1178 3230 coniecturarum
1203 3177 1266 3228 usu
1294 3155 1377 3242 olim

270 3264 507 3336 abstinuissent
538 3265 606 3334 viri
625 3263 733 3352 docti,
759 3266 822 3334 vix
845 3269 945 3333 unam
960 3271 1030 3332 ¹aut
1056 3263 1196 3334 alteram
1219 3260 1380 3353 paginam

271 3369 479 3462 antiquarum
494 3365 666 3435 literarum
675 3365 814 3437 studiosi
832 3389 922 3440 nnnc
932 3365 1188 3459 perlegeremus
1199 3362 1375 3432 molestis·-

271 3473 373 3544 simio-
390 3468 591 3562 corruptelis
626 3469 809 3540 illacessiti.
865 3469 1094 3539 Tristissimae
1119 3477 1233 3537 autern
1247 3465 1377 3557 saepi·-
1504 3471 1506 3474 ’

272 3575 401 3663 monis,
428 3575 464 3643 in
479 3594 578 3666 quam
605 3575 722 3643 critica
749 3571 986 3642 coniecturalis
1016 3568 1154 3658 occilit,
1182 3586 1316 3640 caueam
1335 3569 1379 3637 ,in

272 3699 316 3749 eo
341 3679 487 3772 positam
522 3695 601 3747 esse
633 3678 844 3769 putaverim,
873 3674 987 3768 quod,
1023 3682 1199 3768 postquam
1234 3669 1377 3743 studium

272 3783 478 3875 antiquarum
504 3777 677 3850 literarum
711 3801 757 3850 eo
781 3778 909 3870 lastigii
936 3777 1125 3872 prolectam
1141 3777 1230 3863 mit,
1271 3781 1308 3844 at
1332 3772 1381 3843 ila

271 3907 334 3958 usu
353 3883 518 3977 loquendi
538 3891 573 3954 et
601 3883 771 3974 elegantia
791 3885 967 3954 ¹sermonis
987 3885 1111 3952 certius
1129 3879 1271 3952 indicari
1289 3897 1378 3970 pos-

272 3996 355 4074 set‚-
371 3988 535 4059 effrenata
562 3985 725 4080 pmedam
758 3985 879 4080 cupido
907 3985 1015 4058 verba
1042 3987 1244 4080 scriptomm
1270 3979 1376 4070 vulgo

272 4090 389 4164 tradita
407 4091 635 4161 examinandi
660 4099 760 4182 atque
788 4087 989 4169 emendandi
1009 4087 1096 4160 adeo
1119 4085 1268 4180 grassari
1288 4101 1387 4152 coe·-⁴

272 4195 340 4290 pit,
372 4193 723 4288 ut.qnemadmodom
754 4194 992 4281 autemillis,
1029 4193 1074 4260 ita
1099 4201 1181 4261 tuna
1217 4184 1380 4258 remediis

272 4296 490 4368 laboraretur.
526 4297 622 4383 Quae
647 4297 783 4368 lieentia
798 4297 919 4365 critica.
939 4317 1038 4390 qaum
1057 4291 1215 4366 lliolrardi
1232 4287 1387 4360 Bentleii·

272 4402 500 4496 potissimum,
526 4403 594 4472 viri
620 4409 746 4489 patera·
764 4399 921 4492 egregii,
947 4396 1107 4492 exemplo
1133 4405 1235 4489 atque
1253 4401 1388 4482 auoto-‚

271 4507 369 4575 ritate
403 4506 478 4576 nisa
511 4507 675 4599 temporis
697 4501 856 4576 ·deoursu
889 4504 937 4577 ila
960 4511 1062 4572 auem
1095 4503 1210 4590 esset,
1243 4497 1380 4570 altiori

273 4607 420 4698 soleret,
441 4615 486 4680 -ul
517 4630 565 4680 ox
591 4607 710 4681 daoem
736 4603 1047 4698 emendationibus,
1083 4624 1167 4698 quas
1181 4609 1376 4696 surrupta-
