3525 5500
806 672 843 731 lb

741 753 894 769 m

272 884 344 941 quae
365 869 472 943 podem
483 869 539 927 diei
560 870 669 928 tostnna
683 864 852 945 disjicieutur
873 884 908 925 ac
925 868 1122 940 displodanlur.
1166 868 1253 938 Quum
1265 870 1384 929 maxima

270 971 541 1029 verecundemini
561 973 645 1029 rebus
667 971 746 1027 novis
767 970 896 1028 utendam
915 977 974 1042 est,
997 988 1032 1029 ne
1055 972 1114 1042 qais
1133 970 1243 1039 juvenis
1266 975 1378 1033 criticus

272 1102 312 1115 -
335 1076 365 1132 id
387 1076 462 1147 quod
483 1076 585 1131 totiens
605 1076 665 1135 beri
686 1075 759 1134 tolet
778 1102 811 1113 -
826 1075 854 1131 in
873 1072 974 1140 justam
995 1075 1237 1146 reprehensionem
1259 1085 1376 1151 senteu-

269 1179 367 1234 tisrnm
386 1180 508 1237 lotarum
530 1186 559 1235 et
579 1179 829 1235 commenticiarum
848 1178 958 1238 ineidat.
1002 1178 1149 1235 Praeterea
1175 1180 1257 1238 certis
1280 1181 1381 1253 sineu-

271 1281 360 1337 lorum
382 1296 515 1352 merum
536 1282 669 1353 exemptis
681 1282 793 1355 vulgata
815 1281 936 1339 lectione
957 1281 1067 1339 firmatis
1080 1281 1234 1352 podssimas
1256 1283 1377 1341 virorum

270 1383 416 1441 doctorum
438 1384 658 1455 emendationes,
688 1400 755 1454 quas
784 1383 892 1454 quidem
913 1385 941 1439 in
963 1391 1067 1441 texmm
1088 1384 1226 1455 vrdgstum
1247 1388 1377 1457 recipere

269 1488 392 1545 editores
414 1488 534 1545 nondum
555 1488 659 1559 dignm
673 1494 746 1559 suut,
767 1487 893 1545 subiunxi
906 1502 1030 1557 sperans,
1054 1502 1123 1558 quse
1145 1487 1227 1543 bodie
1242 1490 1375 1561 exemplis

269 1598 409 1662 tueamur,
439 1608 506 1647 mox
533 1592 604 1649 inter
629 1590 756 1661 exemplu
778 1590 849 1647 iore.
892 1590 988 1661 Neque
1016 1597 1104 1647 tumen
1135 1591 1268 1649 affirmare
1290 1593 1377 1649 ausim

273 1710 371 1751 omnes
392 1695 485 1751 bonae
503 1701 588 1751 notae
609 1691 784 1759 conjectares
804 1693 833 1749 in
854 1710 934 1751 unum
954 1694 1031 1764 quusi
1053 1708 1154 1765 eorpus
1177 1711 1252 1751 ame
1273 1695 1376 1751 redac-

269 1804 314 1853 tas
335 1812 417 1866 esse,
440 1796 493 1852 sed
512 1802 543 1851 nt
564 1812 685 1866 quasque
706 1795 860 1852 admannm
881 1795 979 1865 habui,
1002 1796 1058 1853 suis
1080 1796 1151 1855 loeis
1165 1798 1275 1869 inserui.
1318 1797 1373 1855 Vin

267 1900 341 1955 enim
375 1898 486 1955 inlicem
512 1899 736 1969 probabilemque
765 1913 829 1955 osae
856 1898 974 1954 arbitror
1001 1898 1117 1969 aliquam
1146 1900 1373 1971 emendationem,

269 2002 334 2072 qm'n
355 2002 391 2055 ad
411 2002 469 2057 boo
488 2001 542 2057 vel·
555 2001 761 2059 illud-vitiorum
783 2000 981 2071 genusrelerri
993 2002 1089 2072 possit.
1132 2002 1256 2074 Denique
1272 2020 1374 2063 moneo

269 2104 443 2161 suo-cottone
465 2104 651 2175 designandos
672 2117 717 2161 are
742 2104 822 2175 siglis
843 2104 1022 2163 Bebkerianis
1044 2120 1121 2167 usum
1143 2122 1224 2177 esse,
1246 2113 1276 2163 ιιι
1298 2123 1377 2177 quarn

267 2206 411 2279 plurimun
430 2207 511 2279 matii
523 2207 633 2271 ‚luccen

337 2526 424 2591 ‚De
452 2526 699 2607 generum
725 2526 949 2593 visionum
977 2526 1286 2594 Mediconnum

707 2648 927 2712 codicum.

369 2791 415 2861 dd
442 2792 591 2864 primum
617 2792 743 2848 vitiorum
765 2809 854 2864 genus
876 2793 988 2864 refero,
1012 2793 1087 2866 quod
1108 2810 1192 2866 suepe
1215 2791 1372 2862 observavi,

269 2868 629 2974 terminationemal'icujus
656 2893 783 2950 vocabuli
804 2895 863 2951 sive
885 2910 957 2953 sono
979 2895 1038 2968 sive
1059 2895 1137 2952 litere
1159 2895 1322 2954 socordibus
1345 2901 1373 2950 et

265 2997 381 3070 stupidis
411 2997 493 3054 codd.
520 2995 706 3054 blediceorum
727 2996 842 3054 librariis
864 2996 953 3052 lrnudi
983 2997 1084 3069 luisse,
1114 3005 1143 3054 ut
1172 2999 1198 3054 ei
1226 2997 1369 3070 vocabuli,

267 3101 342 3174 quod
362 3101 488 3172 proxime
516 3106 562 3158 aut
583 3100 725 3156 antecedit
742 3106 788 3156 aut
808 3100 946 3172 sequitur,
975 3101 1076 3156 exitum
1098 3101 1276 3158 assimilarent
1303 3094 1369 3166 ¹¹).

264 3202 306 3258 Eu
329 3199 408 3269 hujus
437 3203 539 3258 aurium
565 3210 611 3258 sut
639 3178 781 3260 oculorum
816 3203 919 3258 erroris
949 3204 1090 3274 exemplu:
1128 3203 1161 3260 Α.
1183 3202 1212 3276 l,
1237 3202 1286 3258 lt.
1310 3204 1367 3258 do-

265 3307 343 3360 naria
376 3305 505 3360 militaria
532 3321 583 3376 pro
614 3306 691 3360 dono
723 3307 881 3375 mulnario,
917 3293 977 3378 cap.
1005 3307 1054 3364 dr.
1078 3308 1215 3364 aduersos
1239 3323 1288 3362 eos
1318 3322 1369 3376 pro

267 3407 405 3462 aduersus
433 3423 500 3475 eos,
536 3423 561 3462 o.
588 3405 638 3462 51.
661 3409 783 3463 catervis
810 3410 879 3464 leuis
909 3409 1040 3465 cobortes
1062 3425 1113 3480 pro
1143 3409 1265 3464 catervis
1294 3408 1371 3464 leues

266 3509 414 3582 cobortes,
452 3501 496 3582 ll,
527 3508 576 3566 36.
604 3511 630 3565 si
655 3509 790 3566 bonorum
811 3528 867 3584 per
894 3493 1110 3584 quinquennium
1133 3485 1245 3584 oqitont
1270 3525 1321 3582 pro
1345 3512 1370 3565 si

264 3611 399 3670 bonorem
428 3619 500 3684 clu,
536 3629 574 3694 c„
590 3611 638 3670 71.
659 3610 685 3670 sl
712 3590 784 3687 quos
806 3616 986 3688 propinquos
1014 3615 1132 3687 sanquis
1161 3630 1213 3686 pro
1242 3616 1268 3670 si
1297 3630 1368 3686 quos

265 3814 518 3824 -..-.-.,-..-.-..

298 3959 346 4027 ll)
365 3962 435 4017 ldenr
446 3963 570 4016 nuendum
581 3965 608 4016 in
619 3964 680 4016 aliis
692 3981 799 4034 qnoque
814 3965 893 4018 bonis
906 3964 987 4019 codd.
1001 3965 1073 4018 listis
1086 3963 1301 4031 deprehenditur.
1323 3963 1368 4016 Sic

348 4049 460 4105 martin.
477 4051 528 4114 lll,
545 4049 596 4114 89,
616 4050 640 4108 l.
657 4052 718 4106 eod.
734 4052 884 4104 Puteaneus
902 4051 1036 4104 Parisinus
1054 4066 1103 4118 pro
1122 4050 1230 4123 vulgata
1250 4050 1367 4102 lectione

349 4135 467 4189 mollibus
483 4145 555 4191 utere
577 4138 669 4188 mmsis
686 4138 793 4189 exbibet
811 4139 893 4192 mollis
923 4146 995 4189 utere
1016 4137 1116 4188 malnis.
1157 4136 1231 4189 llart.
1248 4134 1299 4198 lll,
1323 4136 1367 4198 dl,

347 4221 373 4272 5.
397 4223 481 4273 codex
508 4221 642 4273 Palatinus
669 4221 779 4290 praebet
808 4226 855 4275 boc
881 4224 957 4274 raldo
981 4225 1104 4275 uitiosum
1130 4221 1307 4290 periculosum
1331 4229 1368 4270 est

347 4323 396 4374 pro
415 4309 462 4359 boc
478 4309 653 4360 caldemaeium
671 4316 724 4362 etc.
758 4307 861 4361 Eodem
878 4310 945 4362 vitio
966 4310 992 4360 iu
1010 4315 1074 4361 nota
1086 4307 1178 4360 Buclrii
1197 4307 1230 4358 ad
1253 4303 1314 4362 Tuo.
1333 4305 1367 4359 l.

346 4393 373 4458 l,
393 4389 434 4446 19.
452 4395 576 4462 scripturn
595 4401 635 4446 est
653 4395 731 4447 aliter
746 4398 851 4461 sortium
873 4412 924 4462 pro
948 4393 996 4447 alii
1010 4397 1122 4462 sortiter.
1162 4392 1288 4444 Eiusdem
1305 4390 1366 4442 vitii

346 4480 467 4546 exempla
489 4495 507 4532 o
531 4487 598 4536 vett.
632 4481 730 4534 velleii
753 4477 830 4534 libris
855 4481 971 4536 collecta
993 4481 1057 4536 vide
1079 4482 1107 4532 in
1124 4463 1217 4535 lliitnii
1234 4477 1362 4548 Proleqq.
