3525 5500
494 845 591 925 ¹Quod
612 857 636 912 si
658 856 794 913 iitertrum
817 870 833 913 c
856 863 885 914 et
906 875 924 914 c
944 856 1133 914 condicionem
1147 857 1278 928 respicis,
1301 856 1338 912 h:
1356 857 1425 938 XV,
1447 857 1496 947 hd.

404 955 551 1015 lectionem
573 959 654 1015 codd.
671 959 800 1016 dictorum
821 965 849 1016 et
871 959 933 1016 edd.
955 966 1019 1017 vett.
1042 959 1144 1016 dehisce
1164 961 1242 1016 dicto
1263 977 1280 1015 e
1300 960 1412 1031 uulgata
1434 961 1497 1016 inde

404 1061 438 1116 sb
460 1061 587 1118 Ernestio
609 1062 742 1134 scripture
762 1063 863 1118 dehinc
885 1064 979 1118 edicto
1001 1063 1038 1117 itu
1061 1069 1146 1118 ortam
1168 1078 1232 1118 esse
1253 1063 1389 1133 colliges,
1412 1069 1441 1117 ut
1461 1061 1497 1117 ii·
1602 1088 1603 1109 t

403 1169 463 1220 tera
485 1170 635 1236 epropter
651 1165 849 1220 similitudinem
870 1165 1061 1236 praecedentis
1083 1182 1101 1221 c
1122 1165 1251 1236 absorpta
1272 1165 1308 1220 sit
1333 1159 1413 1232 ⁶⁰⁸).
1436 1164 1494 1220 hc·

404 1267 478 1324 cedit
500 1267 574 1338 quod
602 1269 725 1325 edictum
754 1274 782 1324 ct
812 1269 925 1324 edicere
955 1285 1016 1324 cum
1037 1269 1143 1324 dictum
1174 1275 1202 1326 et
1222 1269 1319 1325 dicere
1339 1269 1449 1339 saepius
1470 1268 1497 1322 in

402 1369 478 1426 libris
494 1371 570 1428 distis
591 1377 789 1442 permutantur:
810 1371 847 1428 itc
869 1371 934 1427 snt.
950 1371 1008 1426 (int.
1029 1370 1091 1441 48,
1114 1370 1143 1426 d.
1164 1370 1282 1427 codices
1298 1371 1370 1426 inter
1384 1372 1496 1427 edicere

402 1478 432 1528 ct
453 1473 695 1531 ciceronianam.
740 1473 781 1527 cr.
796 1473 933 1529 ornnem.
956 1474 991 1528 ao
1005 1455 1139 1544 meurs,
1162 1473 1211 1529 eo.
1224 1473 1301 1544 vm,
1325 1475 1351 1529 r.
1374 1473 1421 1545 ni,
1438 1470 1496 1543 sn,

402 1575 438 1631 ud
453 1591 531 1647 quem
552 1575 726 1634 aWalthero
742 1575 777 1630 c'd
789 1573 821 1631 Α.
836 1575 915 1647 XIV,
939 1575 988 1632 63.
1004 1553 1182 1647 relegamur(
1210 1572 1313 1632 Eadem
1335 1574 1497 1632 contusione
1602 1608 1603 1613 κ

402 1677 493 1736 nititur
515 1678 667 1735 emendatio
690 1677 811 1733 Rheneni
838 1677 1019 1734 aWclthcro
1046 1676 1118 1734 haud
1139 1679 1297 1752 improbate.
1340 1679 1366 1734 is
1389 1679 1498 1736 enimc
1602 1684 1603 1687 ’

401 1781 536 1854 scriptura
558 1781 639 1838 codd.
669 1781 771 1838 dehinc
792 1782 868 1838 dicto
897 1765 992 1838 'elicuit
1020 1782 1168 1849 tectionem
1196 1783 1263 1843 dein
1285 1783 1395 1852 edicto,
1419 1797 1497 1853 quum

402 1899 479 1954 seqq.
501 1883 564 1942 edd.
586 1883 621 1938 ad
643 1883 797 1942 Ernestium
825 1899 912 1956 usque
940 1891 1172 1954 propopacerunt
1214 1884 1275 1952 Quo
1305 1901 1342 1939 er
1361 1885 1497 1939 sententis

400 1986 479 2042 iiteru
503 2003 518 2042 o
539 1986 717 2058 praecedenti
737 1987 887 2057 particulae
909 1988 975 2042 dein
995 1988 1022 2041 in
1041 1994 1149 2042 uetusto
1172 1989 1322 2058 archetype
1345 1988 1382 2043 oh
1404 1987 1497 2042 conti·

317 2163 320 2172 Ι
400 2103 481 2144 nuum
497 2088 656 2159 scripturam
671 2088 822 2144 adhaerens
837 2089 902 2144 itae
925 2089 1039 2144 iihruriis
1060 2090 1221 2160 legebatur,
1244 2097 1368 2163 tenqnum
1382 2108 1398 2145 c
1412 2098 1497 2160 esset,

400 2191 472 2248 unde
494 2193 576 2248 deinc
597 2192 625 2246 in
647 2191 747 2248 dehinc
761 2191 918 2246 mutabatur.
962 2191 1090 2246 Similiter
1105 2192 1137 2248 A.
1160 2193 1237 2262 xlv,
1262 2191 1310 2246 63.
1334 2192 1496 2264 escriptura

400 2295 542 2366 archetypi
577 2303 738 2368 compertae
763 2297 840 2352 dicto
861 2303 1016 2364 memorat,
1040 2311 1118 2369 quam
1140 2297 1202 2353 cod.
1215 2297 1266 2354 hie.
1288 2296 1422 2365 servam,
1446 2311 1498 2351 ce-

400 2401 520 2452 terorum
546 2397 676 2454 librorum
697 2398 780 2454 lectio
804 2406 950 2470 comperto
971 2399 1047 2454 dicto
1078 2415 1116 2454 m.
1141 2415 1194 2469 pro
1211 2399 1332 2468 genuina
1353 2374 1500 2470 comperto

401 2496 494 2555 edicto
515 2515 551 2554 m.
574 2505 635 2555 orta
658 2505 708 2554 est
732 2498 858 2556 Ceterum
874 2499 1035 2570 'perticutae
1053 2499 1157 2555 dodim
1177 2507 1227 2579 ct·
1241 2502 1307 2556 dcto
1328 2500 1363 2554 cd
1384 2507 1499 2556 sentcn-

400 2603 462 2657 tium
490 2607 519 2658 et
545 2617 621 2658 usum
649 2601 779 2674 loquendi
808 2617 896 2672 aeque
917 2609 980 2657 sunt
1001 2607 1097 2673 aptue3
1126 2603 1176 2659 sed
1198 2600 1314 2658 Ernestii
1345 2603 1497 2658 emendatio

400 2703 538 2779 eliquanto
560 2705 649 2763 lenior
672 2715 749 2777 quam
771 2703 944 2763 Rhenaninns
974 2705 1036 2763 mihi
1058 2703 1163 2763 videtur
1191 2694 1280 2788 esse,
1297 2705 1396 2779 quippe
1419 2722 1498 2777 quum

400 2810 489 2865 nullus
513 2808 604 2865 codex
626 2809 709 2865 deinc
732 2816 777 2866 eut
799 2809 865 2867 dein
886 2809 1025 2879 praebeat
1097 2867 1116 2883 -,
1145 2871 1149 2878 ,
1237 2853 1250 2895 .-

504 2912 628 2983 Dcnique
648 2911 680 2969 H.
701 2912 728 2981 1,
754 2912 801 2967 79.
815 2912 852 2969 iu
873 2912 964 2969 uerbis
985 2912 1068 2969 codd.
1087 2912 1207 2967 hinssdt.
1234 2910 1275 2966 idi
1294 2912 1417 2966 cupitis
1437 2911 1496 2965 dic

402 2988 474 3070 mia
496 3036 536 3053 ·-
559 3014 640 3071 cone.
659 3012 810 3070 uncos.
835 3012 976 3071 cecam
999 3016 1046 3071 to
1066 3010 1263 3071 coaeterua
1288 3009 1345 3079 ⁶¹)
1368 3040 1408 3053 -
1429 3013 1498 3069 co-

486 3280 573 3332 winns
591 3277 716 3347 Prolegg.
734 3294 760 3347 p.
780 3278 894 3344 CXXV„
913 3287 992 3348 etque
1010 3284 1116 3331 ceterae
1135 3294 1226 3330 omnes
1245 3276 1375 3328 editiones
1394 3284 1497 3328 ueteres

485 3372 604 3417 tuentur:
628 3380 713 3433 caque
733 3364 834 3417 codicis
853 3366 975 3417 Vossieni
993 3365 1025 3418 Α.
1043 3365 1161 3416 lectione
1176 3363 1248 3414 certi
1263 3364 1364 3425 cicino,
1389 3359 1497 3415 Gudiani

486 3450 549 3502 orte
566 3452 653 3501 etone
671 3442 863 3517 quodammodo
882 3450 1012 3513 firmatur,
1031 3452 1128 3518 quippe
1147 3463 1225 3517 quum
1241 3448 1282 3499 ilii
1300 3446 1400 3499 librarii
1418 3448 1498 3499 dativi

485 3534 546 3585 crtc'
560 3537 614 3585 uim
632 3550 686 3587 non
706 3536 893 3588 intellexerint.
929 3535 1040 3587 Doctior
1058 3542 1143 3585 autem
1161 3542 1189 3586 et
1201 3534 1350 3603 elegantior
1367 3542 1408 3584 cst
1419 3534 1497 3585 tectio

485 3619 559 3683 ordi,
578 3634 655 3689 quam
668 3630 696 3671 ut
714 3624 862 3689 cogitares,
882 3620 940 3672 eam
957 3628 1045 3687 spreta
1058 3620 1141 3671 forma
1157 3620 1229 3671 ortis
1246 3636 1261 3671 a
1279 3620 1387 3671 librario
1406 3619 1440 3671 de
1457 3621 1498 3669 iu-

488 3704 585 3758 dustrin
603 3708 725 3773 scriptam
749 3720 819 3758 csse.
860 3706 940 3757 immo
964 3707 987 3756 si
1010 3708 1187 3758 recentiorum
1210 3706 1357 3773 linguarum
1380 3713 1497 3756 naturam

487 3799 567 3859 atque
590 3794 724 3859 ingenium
747 3790 875 3858 respicis,
898 3793 943 3841 rix
967 3790 1143 3856 dubitaveris,
1170 3792 1233 3860 quin
1257 3791 1361 3841 dativus
1383 3790 1443 3841 ordi
1466 3790 1497 3840 a'd

487 3892 604 3929 normam
618 3884 643 3929 ct
658 3876 874 3929 consuetudinem
887 3876 990 3927 iliorum
1003 3878 1158 3945 linguarum,
1178 3876 1407 3945 queeiocutinnes
1418 3876 1497 3926 husee

488 3964 635 4013 tcootoms·
658 3964 688 4013 dc
705 3960 733 4012 lo
756 3962 832 4025 cs'tto,
857 3963 893 4013 icc
911 3963 1029 4014 'environs
1047 3964 1078 4013 dc
1094 3963 1122 4013 la
1138 3964 1210 4024 viiic,
1235 3964 1275 4013 die
1298 3961 1438 4029 Umpeqcod
1453 3962 1499 4012 des·

486 4047 561 4098 Stodt
583 4046 741 4113 praebeant,
766 4048 792 4097 in
816 4049 960 4115 genitivum
977 4048 1049 4098 ordis
1074 4054 1168 4115 postet
1189 4047 1292 4099 deornm
1314 4056 1427 4100 mutatus
1450 4048 1497 4108 sit,

489 4148 567 4201 quum
584 4134 739 4199 praesertim
750 4132 849 4185 librarii
862 4132 895 4184 ad
907 4136 1051 4201 genitivum
1064 4132 1109 4184 elii
1119 4134 1191 4184 casui
1203 4133 1409 4185 substituendum
1422 4130 1498 4198 proni

488 4224 554 4281 siut;
573 4216 646 4281 cujus
655 4220 712 4269 vitii
725 4220 844 4287 exemplu
862 4218 972 4287 posthac
985 4218 1032 4270 sub
1045 4218 1261 4270 duodevicesimo
1274 4224 1373 4287 g‘encre
1386 4218 1498 4269 aderam·

420 4300 486 4368 60³)
504 4302 631 4357 Similiter
649 4304 721 4355 Mart.
739 4302 797 4370 Xll,
815 4302 863 4369 82,
884 4302 925 4360 12.
943 4307 1070 4371 scripturn
1089 4304 1149 4360 cod.
1166 4303 1293 4355 Puteunci
1315 4320 1390 4355 omos
1406 4304 1499 4369 coliipit
1602 4295 1603 4328 t

490 4404 523 4440 ex
546 4389 660 4456 genuine
683 4390 811 4443 humorem
834 4392 933 4458 coltipet
956 4392 993 4441 ita
1014 4397 1057 4441 est
1080 4396 1152 4453 orta,
1177 4396 1207 4439 ut
1229 4387 1244 4441 ὅ
1266 4390 1284 4440 i.
1308 4404 1332 4443 e.
1350 4403 1388 4439 em
1405 4395 1497 4441 antec

489 4472 681 4527 absorberetur.
1269 4541 1284 4558 u

419 4554 469 4623 61)
486 4554 544 4611 Vox
560 4561 737 4613 mucsscordta
754 4564 824 4612 enim
841 4574 890 4627 per
908 4560 1091 4627 compendium
1108 4559 1310 4613 centuriata.
1342 4558 1494 4620 Chiiitrum,
