3525 5500
873 645 1023 738 Α

402 844 522 901 exbibet.
567 843 599 902 A.
622 843 674 915 Vl,
699 842 748 899 lt.
771 843 923 900 Beroaldue
945 843 1033 915 idern,
1057 844 1131 916 qood
1153 842 1254 914 edidit,
1275 844 1397 915 iguem
1417 840 1445 896 in
1465 841 1499 896 tl.

398 947 504 1018 logicae
526 947 648 1016 videtur,
672 963 750 1018 quum
773 947 892 1002 l'icbena
913 949 1034 1019 mcccc
1054 947 1119 1004 inde
1139 947 1270 1018 proderet
1292 953 1373 1016 etque
1395 945 1498 1000 reami-

399 1051 486 1107 burot.
531 1049 562 1104 ll.
585 1050 612 1120 1,
635 1049 685 1106 80.
709 1051 804 1122 igncci
825 1050 928 1120 legitur
949 1050 976 1104 in
998 1049 1151 1106 ottone.
1174 1045 1270 1120 (apr.
1294 1043 1346 1112 m.)
1367 1047 1431 1104 edd.
1446 1047 1501 1104 l’ul.

399 1169 459 1224 aqu.
482 1152 516 1208 ad
539 1152 712 1223 liberarum,
737 1153 781 1223 qui
804 1167 840 1207 ex
862 1151 945 1207 B.0a.
968 1151 999 1217 (a
1020 1167 1079 1209 aec.
1101 1149 1149 1214 ιιι.)
1178 1152 1221 1208 ed.
1244 1151 1314 1223 Spir.
1335 1151 1435 1222 ignari
1454 1165 1500 1206 rc·

399 1255 491 1312 anuuit.
535 1253 636 1310 contre
659 1253 692 1309 A.
715 1255 767 1324 ill,
793 1252 840 1310 18.
865 1271 960 1311 umnea
982 1255 1103 1312 editorea
1125 1261 1236 1326 praeter
1251 1253 1420 1323 licotcriom,
1442 1251 1500 1308 lec.

401 1357 583 1428 Gronovium,
606 1357 735 1414 Racilium
757 1358 827 1413 male
848 1359 994 1416 retinuisse
1015 1359 1078 1415 mibi
1099 1358 1224 1414 ridentur
1246 1355 1499 1427 coniecturaml'n·

401 1461 516 1518 teolani:
540 1461 666 1533 legiones
681 1477 797 1533 operum
817 1469 845 1518 ct
858 1460 967 1518 luduria
987 1464 1160 1533 ipaurca,
1179 1456 1415 1539 populationibus
1431 1457 1499 1514 lue-

399 1572 494 1620 tcntea
514 1571 638 1620 ueterem
660 1553 699 1619 cd
719 1581 826 1619 morem
838 1565 968 1635 reducit,
992 1581 1071 1635 quum
1090 1565 1211 1640 ι’φιαιιιιι
1226 1563 1335 1632 legatur
1357 1561 1385 1618 in
1406 1560 1498 1618 omni-

398 1666 449 1722 bue
479 1667 561 1724 codd.
585 1667 659 1722 bletie
685 1673 795 1737 praeter
824 1669 885 1724 Vnt.
916 1666 1015 1738 1958,
1042 1669 1070 1722 in
1099 1682 1154 1739 qno
1182 1673 1272 1722 tamen
1298 1664 1362 1748 uoci
1384 1665 1502 1736 ι’ριιιιιιιι

403 1771 616 1842 superscriptum
636 1772 765 1842 ignucua.
808 1767 890 1838 Quae
903 1769 1033 1826 librorum
1055 1769 1203 1826 rncrorimr
1216 1783 1252 1825 eo
1275 1773 1437 1838 argumento
1459 1766 1503 1822 iu·

402 1888 485 1943 nuper
499 1873 710 1942 corroboratur,
734 1872 823 1942 qnod,
848 1889 927 1943 quom
941 1873 1024 1944 paulo
1039 1879 1102 1928 ante
1114 1872 1237 1943 legatur:
1259 1887 1319 1926 non
1338 1872 1351 1927 i
1357 1887 1504 1943 gnorare

399 1975 472 2030 diter
501 1982 530 2030 ct
557 1973 685 2031 imbelles
712 1991 790 2044 ease,
820 1991 914 2046 parurn
943 1975 1089 2032 reriainrile
1118 1981 1176 2045 eet,
1206 1972 1334 2030 librarios
1355 1973 1504 2032 lectionem

397 2079 532 2148 maeror,
556 2078 579 2133 ai
602 2095 635 2134 ea
658 2077 775 2149 genuina
797 2077 911 2148 luisset,
933 2078 960 2132 in
974 2077 1155 2134 difficiliorem
1175 2091 1210 2133 ac
1224 2075 1311 2146 magia
1332 2075 1504 2134 reconditam

397 2181 519 2252 ipccocr
540 2187 689 2236 mutaturos
712 2180 811 2250 iuiaae3
834 2181 933 2250 immo,
961 2180 987 2235 ei
1007 2180 1034 2236 in
1056 2180 1132 2236 turn
1153 2180 1229 2236 lictic
1249 2182 1372 2251 marca
1393 2179 1505 2251 reperi-

399 2289 492 2354 retur,
517 2283 552 2339 ob
576 2283 684 2338 nclitum
707 2283 823 2338 librariis
840 2283 949 2352 vitium,
971 2282 1007 2338 de
1029 2295 1083 2352 quo
1098 2282 1148 2338 rub
1172 2290 1266 2353 quarto
1290 2283 1505 2354 corruptelarum

399 2401 505 2456 genere
518 2399 599 2456 cupra
613 2401 639 2455 p.
649 2383 689 2439 29
698 2401 757 2456 epp.
766 2385 892 2456 diximus,
907 2385 990 2440 troile
1002 2384 1049 2441 tibi
1064 2385 1091 2440 in
1104 2385 1418 2456 aocpicionemreniret‚
1441 2385 1507 2442 illud

400 2487 486 2558 ipaum
496 2503 531 2542 err
539 2486 665 2558 proxime
678 2487 863 2557 praecedente
878 2488 1016 2544 vocabulo
1027 2490 1148 2559 iprrcrua
1160 2485 1294 2559 originem
1308 2489 1435 2544 traxiece.
1451 2487 1507 2544 Sed

400 2596 462 2646 eunt
483 2589 588 2646 interna
611 2605 721 2660 quoque
743 2597 920 2660 argumenta,
944 2591 1040 2660 quibua
1060 2590 1187 2647 codicum
1208 2591 1343 2662 acriptnra
1362 2591 1505 2662 probatur.

399 2691 435 2748 Ut
459 2692 528 2749 enim
551 2698 673 2763 taceam,
697 2692 771 2764 quod
793 2699 821 2749 et
836 2692 989 2762 anomaliae
1010 2699 1039 2748 et
1061 2694 1209 2750 communie
1225 2693 1360 2751 eermcnia
1382 2709 1507 2751 concuc-

398 2795 498 2851 tudinie
521 2795 628 2851 ratione
649 2795 739 2851 babila
769 2795 838 2852 baec
865 2796 952 2853 lectio
965 2796 1113 2854 difficilior
1140 2804 1221 2868 atque
1242 2797 1406 2869 exquisitior
1426 2814 1507 2868 qoam

401 2898 512 2969 uulgata
535 2905 594 2969 eet,
624 2899 683 2970 ipae
714 2898 851 2969 elegantia
881 2905 910 2955 et
939 2899 1109 2955 concinnitur
1138 2901 1270 2957 orationie
1291 2900 1407 2971 enodet,
1428 2906 1459 2955 ut
1479 2901 1506 2956 in

397 3001 451 3057 bac
472 3001 566 3072 priore
588 3002 699 3057 membri
727 3009 806 3073 parte
834 3002 890 3057 tale
918 3002 1082 3058 vocabulum
1108 3002 1257 3073 renuero,
1286 3002 1361 3074 quod
1381 3018 1505 3073 aequen-

397 3103 467 3158 tibne
481 3103 571 3159 verbia
582 3102 816 3176 populationibus
832 3104 1030 3161 luctantes
1044 3120 1094 3176 per
1106 3105 1309 3176 oppositionem
1328 3106 1505 3177 respondeat

399 3203 459 3260 lam
474 3220 542 3261 vero
564 3205 772 3276 pulcherrimum
794 3206 944 3263 antitheton
965 3208 1192 3279 maturationi,
1215 3224 1293 3279 quum
1307 3208 1422 3265 eaedem
1442 3208 1506 3265 iltre

398 3306 525 3378 legiones
548 3323 662 3380 opernm
684 3315 713 3365 et
733 3308 835 3365 laboris
863 3309 1037 3381 ignavae,
1070 3310 1291 3382 populationibus
1312 3311 1503 3367 laetanter

398 3411 530 3467 dicuntur.
574 3412 670 3483 Neque
698 3412 861 3469 crediderim
890 3413 989 3471 militen
1012 3413 1150 3471 Romanoa
1180 3428 1296 3485 operum
1322 3421 1351 3471 el
1379 3414 1503 3471 laborum

399 3513 514 3584 ignaros
536 3516 624 3585 megin
647 3515 750 3585 iniere,
773 3530 851 3586 quum
879 3532 984 3586 aegnea
1013 3523 1094 3585 atque
1122 3516 1249 3587 ignavoa.
1293 3517 1505 3575 Redneebaatnr

396 3615 480 3684 igitur
502 3615 691 3673 aOorbnloue
713 3618 748 3672 ad
762 3623 883 3673 veterem
905 3634 1009 3674 morem
1029 3632 1085 3673 non
1106 3624 1159 3674 tarn
1172 3620 1262 3690 ignari
1274 3620 1402 3690 militiae,
1426 3636 1505 3691 qnam

396 3717 497 3788 ignavi.
541 3718 637 3789 ltaque
659 3719 717 3777 otio
740 3718 869 3778 exuendo
892 3720 1040 3776 identidem
1058 3721 1255 3791 consulebant,
1278 3722 1323 3793 qai
1345 3722 1504 3794 legionibus

395 3826 557 3891 praeerant,
587 3837 622 3877 ne
651 3820 728 3877 milen
756 3821 880 3893 ecgnie
908 3823 994 3879 iteret
1047 3822 1087 3879 Gi.
1111 3822 1144 3881 A.
1167 3824 1221 3895 ill,
1253 3824 1310 3894 203
1339 3825 1420 3897 itlll,
1451 3825 1501 3881 53.

394 3921 518 3995 Denique
540 3928 641 3979 tantum
660 3923 752 3994 abest,
775 3930 804 3978 ut
826 3940 875 3994 ea,
899 3925 1018 3993 quaein
1040 3927 1178 3983 vocubulo
1200 3928 1328 3998 ignaviae
1349 3929 1438 3999 ineat,
1461 3929 1502 3985 ria

396 4024 428 4081 ab
451 4025 477 4082 lr.
500 4026 518 4083 l.
541 4026 628 4081 aliena
651 4025 702 4095 eit,
725 4032 754 4081 nt
775 4026 929 4082 sententiae
959 4034 989 4083 ct
1015 4030 1149 4085 ecrmonia
1171 4028 1281 4101 legibue
1304 4031 1407 4102 optime
1429 4046 1502 4087 con-

395 4128 494 4184 veniat.
539 4128 627 4185 Abest
649 4126 719 4183 enim
749 4128 782 4183 ab
812 4128 939 4199 ignaria,
971 4131 994 4185 ei
1017 4130 1153 4202 originem
1174 4146 1208 4187 ac
1229 4133 1424 4205 proprietatem
1446 4150 1501 4190 vo-

398 4230 487 4287 cabuli
510 4230 643 4303 respicis,
666 4228 742 4285 notio
759 4230 843 4285 timidi
866 4236 949 4303 atquc
970 4232 1098 4290 imbecilli
1120 4234 1217 4307 animi,
1241 4252 1311 4309 quae
1326 4236 1504 4293 Germanicae

395 4333 460 4390 voci
481 4333 606 4404 l'er'glreit
628 4332 820 4407 imminuent,
844 4351 1004 4407 quamquam
1019 4337 1180 4409 aaepiaainre
1202 4338 1249 4408 lit,
1271 4346 1301 4397 ut
1316 4339 1413 4397 eadem
1434 4356 1502 4396 aeu-

399 4435 483 4491 tentia
504 4434 585 4491 latina
607 4451 680 4495 uoce
700 4438 818 4511 ignauia
839 4437 985 4510 efferatur,
1009 4456 1079 4511 quae
1101 4440 1258 4511 germanica
1280 4442 1423 4514 Felgbeit,
1443 4442 1504 4500 aic-

394 4535 431 4591 uti
459 4536 530 4609 apud
552 4537 608 4595 biv.
635 4539 678 4610 V,
702 4538 750 4598 28.
775 4540 976 4612 ignarissimus
1009 4550 1038 4599 et
1064 4542 1266 4615 succurrimus
1292 4542 1379 4601 borne
1408 4544 1506 4601 dicitur
