3525 5500
897 644 1048 737 ..i-⁷3„

422 852 502 903 acute
530 845 605 903 vidit.
657 844 731 901 ldem
759 844 883 900 mendum
906 842 1013 901 sustulit
1041 843 1113 915 apud
1136 842 1206 899 Vell.
1229 841 1268 913 II,
1293 835 1372 912 tal,
1397 838 1425 896 I.
1446 838 1509 896 Ille·

422 964 524 1020 nauca,
548 949 594 1020 qui
616 948 706 1005 addita
728 948 844 1020 copula,
869 962 939 1018 quae
960 946 987 1002 iu
1010 946 1053 1002 ed.
1076 962 1116 1018 pr.
1140 953 1168 1002 et
1190 962 1287 1018 apogr.
1303 945 1412 999 Anero.
1434 944 1511 1014 deest,

421 1033 665 1123 rescripsiticam
786 1052 938 1120 mollinset,
962 1056 996 1106 et
1010 1056 1128 1105 senalus
1150 1090 1157 1104 .
1180 1092 1186 1105 .
1211 1091 1217 1104 .
1241 1092 1246 1105 .
1271 1049 1510 1121 amplectione,

418 1156 538 1226 itemque
551 1154 624 1225 apud
636 1154 703 1210 I’IIn.
718 1154 788 1226 Epp.
810 1154 850 1223 11,
872 1153 931 1223 85,
956 1152 983 1208 6.
1006 1153 1041 1207 III.
1058 1151 1187 1223 HauptIns
1202 1150 1361 1223 particulam
1384 1156 1441 1207 ala
1461 1156 1511 1204 ter·

366 1265 372 1285 ¹
420 1257 567 1314 nudatione
582 1257 658 1313 verbi
673 1257 799 1328 proxime
812 1255 1004 1328 praecedentis
1023 1254 1190 1328 pertulisset
1205 1256 1361 1327 absorptam
1378 1260 1439 1309 aute
1458 1268 1511 1309 unc.

419 1360 579 1434 Archippoa
599 1360 724 1416 restituit.
768 1359 802 1415 A.
824 1358 890 1429 IIII,
915 1358 964 1413 35.
987 1374 1047 1414 cum
1062 1358 1292 1429 Bezzenbergero
1316 1352 1445 1424 (Emend.
1467 1356 1511 1410 de·

418 1462 481 1519 lect
502 1480 529 1536 p.
554 1458 621 1527 28.)
645 1478 748 1519 censeo
775 1462 975 1535 praefectique
1006 1469 1041 1517 et
1071 1458 1174 1517 toloni
1196 1476 1246 1533 pro
1270 1460 1382 1531 vulgata
1400 1459 1511 1532 proese-

419 1566 513 1639 ntipne
535 1582 577 1620 uc
600 1563 707 1620 tritoni
727 1564 958 1635 substituendum,
983 1564 1081 1635 quippe
1105 1578 1183 1635 quum
1205 1564 1304 1635 copula
1326 1564 1353 1618 iu
1377 1564 1427 1619 lla.
1450 1560 1510 1616 desit

418 1668 509 1723 ultima
538 1668 730 1741 praecedentia
757 1667 834 1722 verbi
861 1667 940 1722 litera
971 1676 998 1723 et
1019 1668 1104 1739 prima
1127 1667 1295 1737 insequenda
1317 1667 1423 1722 hausta
1465 1663 1510 1718 (Ilr.

419 1786 490 1843 quae
511 1786 593 1842 supra
619 1786 646 1841 p.
678 1768 727 1825 33.
757 1784 816 1841 sqq.
848 1769 883 1825 de
914 1770 1006 1841 quinto
1035 1768 1161 1826 villorum
1189 1784 1293 1841 genere
1323 1769 1390 1825 dixi.
1433 1766 1512 1825 Simile

418 1874 543 1930 mendum
565 1874 673 1931 cuntulit
694 1873 766 1929 idem
781 1873 891 1928 criticus
914 1871 950 1938 (I.
971 1873 988 1927 I.
1004 1890 1030 1945 p.
1055 1868 1122 1939 37.)
1145 1872 1178 1929 A.
1201 1872 1368 1943 xlv,te.,
1390 1872 1436 1927 ubi
1455 1886 1511 1941 par·

416 1976 500 2034 ticula
519 1977 549 2031 at
568 1976 646 2033 inter'
660 1976 743 2033 verba
765 1978 893 2031 insontes
914 1978 1144 2049 interficerentur
1166 1976 1323 2046 exciderat,
1348 1982 1377 2030 et
1398 1973 1509 2031 Walther

416 2079 451 2135 A.
473 2080 541 2152 XV,
566 2079 623 2152 13,
653 2081 699 2136 ubi
728 2080 824 2136 eadem
852 2078 984 2151 particula
1012 2081 1088 2135 exitu
1116 2080 1307 2152 praecedentia
1329 2079 1408 2135 verbi
1429 2078 1468 2132 oia
1488 2079 1509 2129 et

417 2163 685 2255 initio'iuaequentitt
711 2186 859 2256 inpraerat
880 2183 1009 2255 absorpta
1032 2191 1091 2239 erat
1117 2178 1203 2251 ¹⁶⁸).
1247 2182 1280 2237 A.
1304 2182 1371 2253 IIII,
1396 2181 1443 2237 56.
1463 2179 1508 2235 ln·-

416 2304 473 2361 paa
495 2294 522 2343 et
545 2288 634 2354 colles
654 2290 861 2360 montiumque
883 2287 962 2343 edito
974 2302 1025 2358 pro
1048 2286 1159 2358 vulgata
1181 2286 1313 2357 scriptura
1335 2302 1360 2340 a.
1385 2292 1413 2340 et
1435 2281 1510 2339 colles

417 2393 619 2446 uomentium
641 2392 718 2446 edila
746 2390 894 2461 legendum
918 2390 1045 2445 coniicio.
1089 2390 1122 2445 A.
1145 2390 1224 2460 IIIV,
1248 2376 1446 2461 tantopere
1465 2384 1509 2439 ad·

419 2492 615 2565 attentam,-
639 2494 739 2565 patppe
767 2508 827 2563 aqq.
856 2493 979 2549 scrihere
1001 2492 1106 2563 mnIIm,
1138 2508 1215 2562 quam
1238 2491 1376 2561 vulgatam
1399 2487 1509 2561 copulam

418 2602 447 2651 et
467 2595 602 2666 retinere,
633 2596 694 2667 quia
716 2595 787 2667 algle
817 2612 842 2668 q.
871 2595 1026 2666 Insequenti
1049 2595 1242 2651 coniuncti0ne
1272 2596 1376 2667 qnippe
1398 2589 1510 2647 facillime
1575 2648 1576 2651 Ἴ

416 2698 505 2770 potuit
517 2698 626 2755 luaurIri.
670 2698 704 2755 A.
719 2699 786 2770 IIV,
811 2700 860 2754 55.
885 2698 1086 2769 conjecturam,
1111 2714 1189 2770 quarn
1205 2696 1268 2754 olim
1284 2697 1508 2768 excogitaveram,

417 2809 445 2858 et
466 2810 580 2874 cetero,
604 2819 679 2876 qnae
701 2803 836 2859 andierat
859 2773 1237 2872 coniectoeerotne,·docct
1258 2809 1285 2858 et
1308 2801 1443 2874 asyndato
1459 2795 1509 2852 lle-

417 2904 490 2963 dIcei
510 2905 572 2961 libri
594 2913 623 2961 et
643 2907 773 2977 vulgatae
796 2907 913 2978 copulae
943 2925 996 2980 qne
1019 2913 1132 2979 propter
1161 2907 1214 2963 va
1236 2905 1427 2978 dIsiungeudI,
1449 2914 1507 2973 quaa

418 3014 462 3064 eat
483 3009 555 3065 illiue
580 3010 750 3082 particulae,
777 3005 969 3086 praetulerim,
1002 3025 1150 3082 quanquam
1180 3009 1333 3081 asyndeton
1366 3023 1442 3082 quam
1466 3017 1509 3059 no·

417 3109 509 3190 pulam
530 3111 605 3175 ferre
627 3111 740 3175 mallem.
1145 3185 1148 3192 γ

519 3211 579 3276 Jatn
607 3220 709 3288 uectat,
731 3221 761 3276 ut
785 3190 825 3269 ¹de
852 3215 937 3276 tribue
966 3215 1037 3302 Ipcis
1066 3213 1272 3278 aDoederIIno
1296 3213 1387 3270 Prael.
1414 3229 1441 3287 p.
1462 3203 1508 3263 IIII·

418 3315 507 3373 alletia
531 3316 620 3373 dicam
643 3317 717 3389 quod
738 3318 860 3374 cendam.
911 3317 946 3372 Et
974 3317 1009 3373 de
1030 3316 1100 3372 Auo.
1123 3318 1152 3389 I,
1176 3319 1224 3374 57.
1249 3318 1356 3389 quidem
1386 3329 1462 3387 supra
1486 3324 1506 3378 p·

418 3416 489 3475 161.
503 3419 654 3491 dlaputavi,
677 3436 711 3476 ao
733 3421 918 3480 demonstravi
938 3421 1092 3492 asyndeton
1115 3437 1151 3477 ex
1172 3422 1371 3493 permutatione
1393 3417 1506 3488 eiglarun

418 3528 486 3601 pet
513 3532 532 3581 9
555 3531 642 3595 ortum
673 3539 745 3580 ease.
795 3523 866 3579 llein
895 3523 1073 3594 seutentiam,
1102 3541 1182 3595 quam
1212 3525 1247 3580 de
1276 3524 1341 3580 Iooo
1372 3523 1405 3578 A.
1427 3519 1464 3588 II,
1483 3512 1506 3566 8·

417 3625 551 3697 concepi,
574 3625 640 3689 allae
661 3643 797 3706 exponam
819 3628 1026 3706 etnrgumeuIIs
1049 3627 1169 3683 Ilrmabo.
1213 3627 1274 3682 lloc
1288 3633 1388 3682 tanturn
1408 3631 1505 3683 moneo,

418 3741 454 3790 tle.
477 3727 752 3797 conclamantem
778 3737 876 3803 putea,
907 3746 977 3789 neve
1006 3730 1161 3804 asyndeton
1187 3735 1298 3786 statuas.
1342 3729 1462 3801 Denique
1480 3718 1506 3774 A·

415 3829 469 3901 lv,
493 3829 543 3890 26.
564 3837 642 3886 reete
657 3833 784 3904 vulgatur
805 3835 994 3906 musasque,
1019 3835 1118 3914 quippe
1141 3851 1221 3906 quum
1236 3832 1401 3905 copulamin
1422 3823 1507 3886 codice

417 3932 517 3996 decane
538 3931 720 3995 Doederlimn
742 3936 815 3992 falco
837 3941 951 3991 tentatur
973 3936 1015 3992 ait.

417 4045 421 4054 ‘
467 4040 469 4047 '
518 4036 689 4097 Pronominia
719 4038 825 4095 relatiui
846 4039 994 4096 masculina
1016 4040 1119 4110 forma,
1149 4039 1249 4111 quippe
1271 4055 1341 4110 quae
1363 4025 1505 4105 antiquissi-

433 4212 497 4278 11181
518 4214 557 4267 Ci-
576 4231 645 4284 quae
663 4226 739 4283 supra
757 4234 784 4288 p.
802 4215 844 4272 tt.
862 4235 902 4287 aq.
922 4217 984 4272 dixi.
1019 4219 1109 4272 Simile
1121 4219 1243 4272 mendum
1262 4221 1431 4270 correxerunt
1446 4207 1507 4262 laha-

498 4317 582 4352 nanua
600 4302 668 4356 Vell.
687 4302 724 4368 II,
741 4301 791 4367 et,
813 4303 845 4368 4,
864 4304 909 4355 nbi
933 4308 957 4356 ei
979 4305 1048 4356 inter
1070 4321 1152 4372 nepae
1177 4313 1204 4357 et
1229 4306 1359 4356 inhoneste
1378 4296 1505 4356 excitent

417 4412 421 4420 ·
502 4384 626 4440 Gelenius
638 4389 707 4440 Vell.
725 4388 764 4454 II,
782 4389 831 4454 tl,
851 4389 882 4455 1,
902 4390 947 4442 ubl
965 4401 989 4442 et
1006 4391 1096 4442 ultima
1109 4387 1222 4459 copula'e
1241 4391 1375 4458 qualitate
1394 4394 1419 4440 et
1435 4379 1506 4451 print

501 4475 577 4524 vocis
604 4476 795 4526 tetrarcharum
819 4474 970 4542 absorptum
994 4485 1065 4540 erat,
1091 4484 1119 4528 et
1136 4493 1158 4530 e.
1183 4474 1231 4542 91,
1261 4474 1291 4542 1,
1310 4477 1354 4528 ubi
1372 4474 1412 4528 ed.
1430 4484 1466 4538 pr.
1483 4465 1505 4510 ⁶¹

499 4572 591 4631 apogr·
602 4558 709 4618 Ameria.
727 4559 821 4617 Oratae
835 4579 925 4637 presto
943 4577 991 4635 pto
1011 4561 1118 4635 vulgato
1137 4560 1230 4620 Cranno
1249 4578 1366 4636 oppresso
1384 4551 1503 4613 emutat·
