3525 5500
863 642 1013 741 L

386 848 417 904 0.
435 846 651 920 impromptam
666 846 795 917 effemnm
809 861 861 917 pro
879 853 1039 919 promptam
1062 843 1174 915 effecto.
1205 844 1237 899 ὓ.
1256 842 1488 905 80.’(ἱεηιαιιι“σα

383 949 502 1007 tiberne
517 951 601 1010 coeio
623 966 659 1005 ao
673 947 827 1007 ‘aroana
841 948 917 1005 dara
932 965 983 1019 pro
998 948 1028 1005 G.
1044 946 1165 1006 interno
1180 947 1261 1003 coeto
1275 953 1327 1005 eie.
1351 946 1381 1003 G.
1396 945 1447 1003 94.
1457 949 1489 1006 in

383 1068 494 1111 camma
523 1050 717 1127 abundantiae
740 1051 880 1124 pecuniae
902 1068 953 1122 pro
975 1053 1006 1107 in
1034 1068 1057 1109 a.
1086 1049 1265 1107 abnndantia
1290 1067 1319 1122 p.
1379 1048 1408 1105 0.
1440 1048 1489 1105 96.

384 1162 455 1213 extr.
470 1162 596 1213 eaaacto
611 1162 678 1212 rato
693 1168 745 1226 pro
764 1162 979 1211 exauctoratos.
1002 1154 1034 1210 H.
1050 1154 1097 1225 111,
1122 1152 1169 1209 13.
1184 1160 1354 1211 secretarum
1370 1160 1488 1209 cormo-

383 1271 442 1315 ram
479 1258 620 1329 affectant
650 1258 677 1313 in
708 1257 789 1314 codd.
822 1256 937 1313 nnec.
973 1258 1074 1328 legitor
1108 1272 1161 1328 pro
1196 1257 1329 1328 acripmra
1371 1254 1489 1313 familiae

383 1359 533 1417 Gennenaia
554 1368 668 1419 recreta
691 1367 853 1417 ecetraram
874 1376 903 1417 a.
925 1376 1012 1431 usqne
1035 1360 1071 1417 ad
1091 1359 1253 1431 Bipontinoa
1282 1366 1311 1416 et
1333 1357 1490 1415 Oberlinnm

381 1463 491 1535 vulgata
513 1470 542 1520 et
564 1481 580 1519 a
601 1464 764 1535 walthero,
786 1463 932 1534 Bckkero,
956 1463 1078 1534 littero,
1103 1462 1243 1535 ¹impertio
1268 1468 1414 1532 revocata,
1443 1460 1488 1517 vei

380 1580 432 1637 pro
455 1567 645 1625 emendatione
667 1566 730 1625 cod.
745 1567 814 1623 tisri.
827 1566 862 1623 A.
877 1574 1020 1648 secretam
1034 1574 1195 1623 castrorum
1210 1583 1247 1635 a,
1262 1581 1341 1637 quam
1355 1580 1369 1621 a
1382 1563 1486 1619 Bachio

381 1675 410 1727 et
420 1670 590 1741 Kieaalingio
602 1677 751 1741 receptam
773 1685 830 1740 ego
853 1686 963 1741 qnoque
985 1669 1145 1741 praeierant.
1176 1667 1206 1723 (3.
1233 1666 1280 1724 16.
1304 1673 1373 1725 extr.
1403 1666 1487 1723 lectio

380 1771 432 1828 iia.
452 1773 590 1843 inteprom
616 1790 695 1829 naam
730 1781 758 1829 et
784 1774 840 1845 ipsi
860 1781 937 1829 meta
972 1787 1024 1844 pro
1054 1773 1165 1843 vulgata
1193 1772 1298 1843 intepri
1325 1770 1489 1841 eaomctipei

379 1882 456 1931 meta
478 1881 538 1930 orto
561 1891 625 1933 eoae
646 1875 754 1932 videtur
777 1891 814 1931 ex
835 1891 919 1946 prava
933 1874 1079 1933 verborum
1094 1874 1267 1932 dictinctione
1287 1874 1394 1945 intepet.
1407 1888 1487 1929 coam

382 1986 411 2035 et
431 1978 487 2050 ipsi
507 1985 592 2035 meta.
636 1976 732 2035 cta.
753 1978 781 2035 io
804 1978 888 2035 codd.
910 1977 986 2035 Matio
1009 1984 1038 2035 et
1060 1977 1102 2033 ed.
1126 1978 1196 2049 Spir.
1219 1977 1320 2047 legitur
1334 1974 1488 2049 Aperanteia

373 2080 451 2153 inpia
473 2096 525 2151 pro
546 2080 656 2151 impeta
676 2080 740 2137 inde
765 2080 954 2137 a'Pnteolano
991 2080 1111 2137 lectione
1131 2078 1275 2152 Apennini
1293 2079 1381 2151 jopia,
1412 2093 1489 2149 qnam

380 2182 508 2253 Rachiae,
530 2181 692 2255 limenius,
713 2183 897 2254 Kieaaiingina
918 2178 973 2249 ¹³)
995 2190 1099 2239 temere
1120 2182 1260 2253 respuisse
1273 2181 1336 2237 mihi
1357 2180 1488 2237 videntur.

264 2343 266 2348 ,
380 2284 421 2341 ci.
436 2285 605 2342 Waltherum
621 2286 657 2343 ad
670 2287 697 2342 h.
709 2286 728 2343 Ι.
756 2286 786 2343 0.
802 2284 852 2341 ri.
881 2286 1027 2343 lectionem
1047 2284 1128 2344 codd.
1152 2286 1202 2341 Ma.
1222 2283 1255 2341 A.
1281 2283 1312 2341 B.
1329 2283 1409 2339 Ona
1429 2298 1486 2341 aee.

379 2403 413 2443 nn
432 2388 565 2459 praemia
592 2397 735 2445 enaoctae
764 2404 870 2461 operae
893 2384 962 2453 [Ma.
1002 2396 1160 2459 eoooctoe,
1194 2386 1224 2443 C.
1248 2383 1422 2447 evacuatae)
1453 2400 1489 2441 ex

382 2488 524 2560 archetypi
539 2490 672 2563 scriptura
690 2492 838 2563 proemiae
851 2499 977 2547 mantne
993 2506 1095 2563 operae
1112 2497 1197 2546 ortam
1210 2490 1366 2561 putaverim.
1394 2489 1490 2559 Neque

381 2591 452 2649 enim
473 2592 584 2649 verbnm
606 2593 673 2650 iilud
693 2609 791 2650 novum
813 2601 895 2665 atque
916 2592 1061 2649 inauditum
1084 2592 1265 2649 enavandi
1287 2608 1348 2649 cnm
1371 2590 1488 2663 aronio,

382 2695 504 2768 Ridere,
526 2694 641 2768 Baebio,
664 2695 811 2768 Rupertio,
833 2695 1002 2767 Kiessiingio
1018 2696 1114 2755 Tacito
1137 2695 1275 2764 intrudere
1297 2696 1391 2766 anaim,
1415 2710 1487 2766 qno·

382 2800 453 2859 niam
473 2799 497 2856 ia
514 2800 614 2871 ubique
628 2817 738 2872 operam
760 2801 887 2858 navari
910 2800 975 2858 dir-it
996 2807 1025 2856 et
1039 2801 1162 2856 auctiica
1176 2799 1216 2856 vie
1232 2798 1364 2856 adverbia
1374 2800 1490 2870 penitae

383 2910 412 2959 et
432 2901 594 2960 Germanico
622 2904 745 2974 praedio
775 2911 810 2956 et
839 2903 948 2973 cimilia,
977 2919 1054 2972 quarn
1081 2903 1250 2972 praepositio
1279 2918 1316 2956 ec
1358 2901 1385 2956 in
1422 2917 1489 2958 ver-

384 3005 427 3062 bia
441 3004 600 3075 compositio
623 3004 756 3061 interdum
778 3012 902 3076 exercet,
926 3005 959 3060 ab
974 3005 1106 3060 hocloco
1120 3004 1207 3058 aliena
1223 3018 1286 3058 eane
1301 3001 1408 3058 videtur
1423 2996 1489 3068 ¹⁴).

385 3106 501 3165 Omnino
515 3113 603 3165 autem
617 3123 727 3177 vereor,
750 3123 785 3164 ne
801 3107 883 3178 origo
894 3107 971 3164 verbi
985 3123 1103 3175 maore,
1126 3121 1163 3162 ex
1181 3120 1232 3175 qua
1245 3103 1359 3160 icrmnia
1374 3119 1490 3176 operam

384 3225 504 3279 amare,
527 3216 641 3266 auctore
655 3209 825 3266 Doederlino
847 3211 875 3266 in
892 3211 947 3266 Lat.
960 3211 1063 3280 synon.
1091 3208 1154 3265 Vol.
1177 3208 1197 3264 1.
1211 3224 1236 3279 p.
1254 3205 1325 3278 112,
1337 3207 1409 3264 idem
1421 3207 1488 3277 aip-

384 3313 489 3383 nificat,
520 3312 595 3383 quod
614 3315 729 3370 ncmter
750 3329 867 3386 operam
889 3329 911 3370 a.
933 3327 1039 3370 aaroni
1061 3327 1177 3386 operam
1198 3312 1285 3380 dore,
1308 3310 1490 3382 adjectionem

385 3415 599 3489 praepositionis
623 3433 661 3472 ec
681 3422 712 3472 nt
731 3416 918 3488 pleonaomnm
939 3423 1042 3474 renuat.
1076 3417 1136 3474 Nec
1157 3415 1245 3487 magia
1267 3415 1320 3472 hnc
1341 3413 1489 3486 pertinent,

390 3613 602 3622 --—--—..

406 3771 454 3842 13)
471 3777 556 3832 Etiam
573 3778 688 3834 Jacobna
706 3781 732 3833 in
752 3778 829 3834 0ban.
853 3780 885 3832 ad
900 3779 960 3835 Tac.
977 3781 1009 3833 ii·
1029 3782 1097 3834 critt.
1119 3788 1186 3850 part.
1203 3777 1234 3831 11.
1253 3795 1279 3848 p.
1299 3775 1330 3834 15
1347 3777 1490 3832 lectionem

474 3863 552 3919 codd.
564 3865 688 3917 Motorum
700 3874 800 3918 tuetur:
819 3873 845 3917 at
856 3865 896 3916 his
915 3867 941 3917 in
961 3866 1038 3919 rebus
1049 3883 1103 3920 non
1122 3867 1291 3929 Taciturn,
1309 3871 1337 3916 ut
1354 3863 1394 3916 illi
1412 3866 1490 3918 vide·

473 3957 530 4014 tur,
549 3950 597 4002 aed
615 3949 795 4004 librarium
808 3951 983 4019 archetypi
1000 3955 1131 4005 vetusti
1149 3951 1491 4006 liberevmiarenovinrur.

407 4029 456 4098 ii)
472 4034 615 4102 Exempla,
634 4051 702 4104 quae
719 4036 889 4090 Peteraeniua
907 4039 934 4088 in
952 4038 1087 4092 Annotatt.
1105 4037 1138 4090 ad
1156 4036 1218 4091 Tac.
1235 4037 1349 4104 specim
1367 4036 1396 4090 11.
1413 4053 1440 4104 p.
1459 4033 1492 4088 18

477 4137 517 4190 aq.
542 4121 575 4172 ad
599 4121 742 4176 lectionem
773 4133 899 4176 enccctce
933 4143 1026 4194 operae
1056 4124 1249 4176 defendendam
1273 4123 1397 4187 eontulit,
1425 4121 1491 4174 nihii

475 4207 602 4274 probant,
620 4209 671 4259 nini
683 4209 756 4277 qnod
769 4208 874 4262 Tacitus
887 4226 944 4262 curn
955 4211 1013 4262 aliis
1027 4226 1133 4279 quoque
1146 4208 1332 4277 scriptoribus,
1351 4210 1373 4261 ai
1386 4206 1490 4276 quando

476 4293 587 4359 alicujus
616 4294 692 4347 verbi
710 4296 763 4347 vim
788 4299 879 4366 augeri
903 4305 982 4365 atque
1012 4297 1112 4348 intendi
1136 4295 1236 4359 voluit,
1267 4294 1491 4364 praepositionem

476 4396 490 4429 e
507 4378 637 4432 interdum
654 4381 788 4447 praefixit:
807 4382 896 4450 quod,
916 4383 1034 4451 quamvis
1052 4399 1143 4434 verum
1163 4383 1210 4446 ait,
1228 4380 1294 4434 nihii
1311 4379 1436 4432 momenti
1455 4377 1488 4428 ad

476 4463 553 4529 hnjna
570 4466 625 4520 inei
642 4468 771 4520 rationem
789 4468 878 4531 affert,
900 4469 1024 4537 quoniam
1047 4477 1148 4523 ancum
1167 4476 1195 4519 et
1212 4470 1336 4520 intentam
1354 4463 1490 4532 aigniioa·

477 4550 578 4604 tionem
596 4569 628 4604 ex
645 4555 727 4608 totino
743 4556 892 4608 cententiae
909 4554 1000 4608 indole
1016 4556 1123 4611 minime
1141 4553 1302 4623 expectabis·
