3525 5500
296 1099 300 1114 .
420 1042 492 1109 lle
512 1044 838 1125 probabilitate
866 1048 913 1110 et
939 1044 1238 1127 diplomatica
1258 1044 1440 1113 ratione

569 1149 942 1215 emendationum
965 1149 1293 1218 Taeitrnernm.

483 1291 612 1362 Quamvis
633 1310 762 1349 summam
782 1294 878 1350 salutis
899 1295 927 1349 in
949 1311 984 1350 eo
1007 1295 1161 1366 ponendam
1174 1310 1318 1365 censeam,
1339 1300 1370 1349 ιι
1391 1294 1483 1350 codex

379 1395 463 1452 listas
492 1396 633 1453 Hediccus
663 1397 822 1453 recensioni
842 1413 895 1469 pro
917 1398 1092 1455 fundamento
1114 1398 1287 1469 subjiciatur,
1309 1403 1399 1452 tamen
1419 1403 1483 1451 tas·

379 1505 436 1553 tnu
455 1499 551 1570 abest,
573 1504 603 1555 ιι
624 1500 698 1555 velut
720 1500 860 1557 oraculum
880 1508 1026 1557 veneratus
1048 1500 1167 1571 receptis
1182 1498 1299 1555 liedicsi
1320 1499 1484 1555 lectionibus

380 1607 409 1658 ei
438 1600 634 1673 quoquomodo
664 1602 808 1673 explicatis
835 1620 893 1659 rem
920 1571 1076 1675 expeditam
1104 1610 1132 1658 et
1163 1609 1288 1672 tanquam
1317 1607 1481 1657 transactam

379 1703 493 1776 opiner,
515 1709 546 1760 ui
567 1704 647 1760 etiam
674 1711 728 1761 tam
751 1704 786 1761 ad
807 1706 946 1776 pristinam
968 1705 1083 1761 Tacitini
1104 1712 1195 1761 textus
1222 1705 1336 1761 formam
1368 1720 1485 1775 reprae-

381 1806 543 1866 sentandam
563 1822 690 1878 maguum
711 1824 781 1879 opus
811 1816 840 1865 ct
861 1808 973 1864 arduum
993 1822 1141 1879 superesse
1162 1814 1262 1880 putem.
1310 1808 1340 1863 ln
1369 1806 1486 1863 liedicei

381 1909 544 1965 auctoritate
571 1926 628 1967 non
654 1917 698 1967 est
718 1910 964 1981 acquiescendum,
988 1912 1064 1981 quasi
1091 1911 1118 1966 in
1140 1918 1248 1983 portum
1275 1917 1304 1966 et
1331 1910 1487 1981 perfugium

378 2017 525 2083 pervectus
548 2026 645 2082 esses,
666 2012 696 2068 id
717 2014 793 2084 qaod
806 2014 951 2070 Waiihero
974 2014 1089 2084 ejusque
1110 2014 1264 2085 pedisequo
1292 2012 1396 2079 Baebio
1418 2028 1487 2069 sae·

378 2114 440 2187 pius
453 2114 569 2186 accidit,
590 2122 687 2187 utpote
701 2124 855 2187 praesumta
876 2116 955 2173 nimia
967 2116 1095 2172 bonilatis
1111 2116 1242 2188 opinione
1255 2116 1351 2173 ductis.
1395 2116 1486 2186 Saepe

381 2211 453 2274 enim
474 2234 491 2273 o
513 2217 604 2274 verbis
626 2229 681 2273 tum
702 2219 818 2291 rationi,
841 2220 918 2291 usui,
940 2218 1061 2277 sermoni
1072 2219 1305 2291 repugnantibus,
1327 2225 1382 2275 tum
1403 2234 1486 2274 sensu

380 2320 537 2377 carentibus
566 2327 612 2377 ιιι
632 2337 669 2379 ιιι
689 2322 778 2379 ιιιίιίι
801 2323 909 2394 quidem
930 2322 1062 2393 reliquiae
1091 2329 1120 2379 et
1141 2322 1257 2393 vestigia
1280 2320 1416 2379 obliterati
1437 2337 1485 2375 ar-

380 2422 492 2495 chetypi
513 2428 606 2480 textu
628 2426 747 2481 eruenda
769 2433 848 2495 sunt,
870 2434 900 2481 ut
921 2426 949 2481 id
971 2432 1128 2497 teneamus,
1156 2426 1229 2483 unde
1252 2426 1338 2482 omnis
1360 2423 1419 2481 veri
1439 2423 1484 2479 in·

381 2525 490 2597 quisitiu
513 2532 596 2597 atque
622 2527 800 2599 investigatio
829 2528 968 2600 proticisci
998 2528 1106 2585 debeat.
1150 2529 1218 2583 Tum
1247 2529 1353 2586 densum
1383 2534 1486 2584 certam

375 2628 583 2700 speculabere
604 2630 795 2702 nobisiicet,
817 2631 879 2687 iore
901 2638 930 2687 ut
957 2630 1021 2686 inde
1043 2631 1178 2701 antiquam
1200 2631 1284 2702 ipsius
1307 2631 1394 2686 Taciti
1418 2646 1482 2686 ora-

380 2731 483 2789 tionem
512 2733 671 2805 conjectura
700 2734 839 2791 eliciamus
868 2742 898 2791 et
927 2741 1052 2806 tanquam
1081 2734 1108 2790 in
1138 2734 1275 2806 integrum
1303 2735 1484 2791 restituamus.

380 2835 464 2892 Simul
485 2852 523 2894 cx
544 2837 593 2910 iis,
616 2854 687 2910 quae
708 2839 792 2895 modo
815 2840 950 2911 exposui,
974 2846 1088 2911 apparet
1109 2839 1183 2911 ipsas
1206 2840 1396 2910 conjecturas,
1420 2853 1486 2909 quas

380 2939 456 2994 velut
483 2940 590 2997 nutibus
619 2941 737 2998 biedicci
763 2943 956 3014 obtemperans
985 2942 1104 3012 leceris,
1133 2942 1218 2997 multo
1247 2943 1378 3010 majorem
1407 2940 1488 2996 idem

382 3041 504 3114 babere,
528 3058 606 3114 quam
620 3044 756 3101 lectiones
777 3046 860 3102 codd.
874 3046 1005 3100 illatorum
1019 3043 1115 3099 classis
1131 3042 1282 3098 (teanensis
1295 3043 1486 3114 interpolatae,

381 3143 484 3215 quade
503 3159 536 3202 rc
550 3145 679 3202 bachium
701 3147 818 3204 inJahni
831 3148 901 3204 Nos.
915 3147 1022 3202 Annali
1036 3146 1133 3202 Philol.
1149 3145 1203 3202 Vol
1225 3145 1272 3200 iii.
1295 3162 1323 3216 p.
1338 3143 1386 3200 34.
1410 3151 1483 3199 extr.

383 3262 488 3305 mecum
511 3250 669 3305 consentire
695 3251 783 3307 laetus
805 3251 868 3307 vidi.
914 3248 1007 3305 Addua
1038 3249 1148 3304 omnino
1172 3248 1338 3319 conjecturis
1359 3248 1387 3302 in
1409 3253 1487 3303 textu

382 3350 507 3408 Tacitino
530 3354 714 3425 recensendo,
737 3361 766 3409 ut
788 3354 839 3409 alia
853 3359 975 3423 taceam,
997 3352 1061 3408 ideo
1086 3369 1195 3424 quoque
1218 3352 1327 3408 multum
1349 3368 1412 3408 esse
1434 3351 1488 3406 tri·

380 3452 533 3525 baendum,
557 3456 701 3527 quoniam,
725 3483 765 3494 -
788 3457 873 3513 verba
902 3456 936 3512 cl.
964 3456 1083 3512 Ernestii
1105 3473 1142 3512 er
1171 3455 1260 3511 Praei.
1283 3455 1327 3510 ed.
1348 3453 1435 3508 Beki.
1458 3469 1485 3525 p.

380 3554 464 3612 xxii
485 3557 602 3615 referam
622 3581 666 3597 ·-
688 3560 713 3616 si
741 3567 848 3616 centum
878 3560 992 3616 codices
1015 3557 1137 3614 eiusdem
1165 3558 1227 3614 libri
1249 3558 1411 3627 babeamus,
1434 3571 1487 3612 eos

382 3663 470 3714 autem
493 3667 603 3716 constet
624 3678 661 3718 ex
690 3677 745 3718 uno
773 3662 936 3733 apographo
967 3661 1065 3716 ductos
1089 3677 1168 3732 esse,
1195 3660 1273 3716 unius
1301 3666 1402 3715 ιιιιιιι
1424 3658 1487 3714 libri

381 3759 423 3816 ius
446 3767 475 3818 et
497 3762 549 3821 vin
571 3763 712 3821 obtineant
732 3763 861 3821 universi.
905 3763 1001 3834 Neque
1023 3763 1175 3820 audiendus
1197 3769 1256 3834 est,
1285 3764 1309 3819 si
1330 3763 1404 3818 forte
1428 3761 1488 3833 quis

382 3870 478 3920 contra
499 3881 551 3923 nos
566 3866 736 3939 disseruerit,
760 3884 838 3938 quam
855 3867 972 3922 maxime
995 3873 1074 3922 caute
1087 3867 1283 3937 moderateque
1306 3865 1418 3922 criticos
1431 3866 1489 3920 'ia-

381 3966 524 4024 citiaorum
546 3969 677 4028 librorum
699 3978 831 4042 oportere
859 3970 1026 4040 conjecturis
1048 3971 1104 4042 uti,
1134 3969 1267 4040 siquidem
1290 3970 1382 4028 codex
1404 3969 1489 4025 lictus

379 4069 539 4143 liediceus,
562 4073 607 4144 qai
629 4073 772 4130 Annalium
794 4074 966 4144 posteriores
997 4079 1078 4143 atque
1100 4072 1278 4128 ilistoriarum
1307 4072 1395 4129 libros
1417 4084 1490 4128 con-

379 4171 464 4245 tinet,
495 4176 679 4234 emendatoris
706 4177 935 4248 subscriptionem
959 4176 1066 4234 offerat.
1111 4176 1183 4232 Sane
1212 4191 1255 4232 me
1284 4191 1340 4231 non
1362 4175 1433 4246 fugit
1454 4175 1488 4230 ab

378 4273 508 4334 Ernestio
531 4278 559 4336 ia
590 4279 682 4336 Praei.
705 4297 732 4351 p.
761 4281 833 4337 xvi.
857 4281 991 4353 Rpckium
1012 4280 1134 4352 laudari,
1163 4280 1263 4352 quippe
1291 4281 1336 4351 qui
1357 4279 1393 4334 ad
1414 4277 1445 4332 Η.
1468 4277 1491 4336 1.

379 4377 438 4434 init.
460 4379 532 4437 bene
545 4383 696 4452 monuerit,
719 4383 948 4455 subscriptionem
967 4384 1088 4440 Sallustii
1111 4383 1267 4454 cujusdam,
1290 4380 1492 4440 vausunaii-

379 4496 460 4551 quem
483 4484 610 4542 codicem
630 4487 794 4544 emendasse
815 4488 956 4559 professi,
980 4488 1013 4542 ab
1035 4487 1161 4559 imperito
1189 4486 1300 4543 librario
1329 4492 1433 4542 tenue
1455 4499 1493 4542 ex

377 4598 413 4640 eo
435 4585 534 4644 codice
549 4590 691 4661 repetitam
707 4606 788 4662 esse,
811 4592 884 4648 unde
898 4593 922 4648 is
938 4591 1025 4648 Taciti
1045 4591 1132 4647 libros
1145 4591 1349 4662 descripsisset.
1391 4589 1488 4659 Neque
