3525 5500
742 613 894 708 ..i-ll·-

269 815 471 887 ccnnectebet,
492 821 523 872 ut
543 813 714 876 uittmltetcs
735 831 771 872 ec
790 813 912 886 perienle
934 811 1056 870 meritimi
1082 827 1132 883 per
1154 810 1292 868 Oceanum
1312 810 1361 866 its

269 919 341 986 necis
370 918 516 978 vitarentur
550 925 579 974 et
606 917 804 974 commercium
824 917 894 974 inter
918 915 1095 974 Occidentem
1124 921 1206 985 etque
1226 914 1366 970 Orientem

268 1021 451 1092 expediretur.
473 1023 506 1078 V.
520 1019 554 1077 Α.
574 1021 640 1086 lllll,
657 1019 707 1076 53.
752 1019 876 1076 Ceterum
891 1019 1024 1076 dirmsem
1037 1033 1145 1074 cenmm
1159 1017 1277 1074 inemec
1292 1015 1366 1072 Gor*

268 1123 369 1180 bulonc
396 1123 489 1180 lcssee
515 1121 619 1180 rettulit
639 1122 691 1179 llic
715 1120 790 1178 Coss.
813 1121 876 1194 LX,
900 1121 959 1192 30,
982 1118 1064 1188 cujus
1079 1128 1171 1176 mmm
1198 1117 1290 1181 verbis
1310 1133 1364 1176 nee

268 1225 377 1298 vulgete
399 1225 482 1283 lectio
504 1225 656 1298 explicetur
678 1232 723 1282 sut
744 1223 868 1282 limetur.
921 1260 925 1268 -

370 1327 430 1384 Nec
459 1328 545 1384 miuus
569 1335 649 1384 nocte
671 1326 703 1384 A.
726 1327 797 1398 lllll,
822 1327 869 1382 36.
894 1328 1011 1389 Plebene
1043 1324 1294 1398 scriptoiemood.
1316 1325 1369 1381 bist

267 1446 306 1486 ese
315 1445 442 1504 poputum
453 1433 566 1504 priores
577 1431 754 1488 audirent
775 1429 802 1486 ie
817 1429 1007 1486 oederent
1020 1427 1237 1492 mmevisscmrbi
1252 1427 1368 1497 videtur,

272 1533 345 1604 quod
368 1529 433 1590 cod.
455 1533 602 1590 Vsticeuus
624 1533 707 1604 lipsii
727 1532 861 1604 praebuit.
903 1533 933 1588 ln
962 1532 1024 1588 edd.
1051 1539 1116 1589 vett.
1137 1534 1204 1587 ente
1224 1527 1369 1587 Picbcnn

269 1641 350 1708 etque
370 1636 489 1708 pestbsc
510 1636 537 1690 in
559 1635 622 1692 edd.
642 1635 749 1692 Ernest.
764 1634 856 1692 Oberl.
878 1635 967 1693 Bekis
988 1634 1050 1690 utun
1072 1634 1173 1705 legitur
1194 1633 1309 1688 edm
1327 1645 1366 1687 ex

268 1737 411 1804 codicibus
439 1738 556 1794 lemiliec
587 1737 745 1794 desnensis.
796 1737 921 1809 Egregie
947 1744 1038 1794 eutem
1065 1733 1193 1796 witus
1220 1731 1368 1791 leetionem

269 1841 331 1900 cod.
354 1841 480 1900 Veticeni
508 1839 647 1911 defendit,
675 1855 754 1911 quem
783 1841 860 1896 elteri
888 1841 975 1912 longe
1001 1839 1208 1912 preeierendem
1228 1853 1294 1896 esse
1315 1837 1368 1899 de-

268 1945 440 2012 monstravit,
479 1943 597 2003 Accedit
615 1945 684 2000 retlo
699 1943 948 2016 peleecgrepbioe,
971 1943 1055 2014 quod,
1070 1955 1227 2014 quemquem
1241 1936 1369 1996 limestie

272 2047 483 2106 concedendum
509 2053 553 2104 est
579 2048 663 2106 verbe
693 2047 775 2106 odire
805 2054 834 2104 et
861 2046 1119 2105 audiminterdum
1146 2045 1174 2100 iu
1195 2040 1272 2100 libris
1293 2043 1369 2103 bittit

266 2150 416 2222 permutari
441 2145 513 2221 ⁷⁵),
534 2150 564 2206 id
585 2151 612 2206 in
635 2151 734 2208 codiee
749 2151 799 2206 bie.
819 2151 907 2208 semel
933 2144 989 2216 ⁷⁶]
1011 2150 1111 2205 mutue
1133 2144 1185 2213 (Α.
1207 2145 1276 2218 XV,
1297 2141 1366 2212 36.)

301 2295 350 2359 75)
370 2295 412 2352 Cl'.
430 2311 506 2362 supro
524 2303 612 2346 nutem
630 2291 672 2348 46.
690 2311 716 2364 p.
733 2291 768 2358 84
785 2311 826 2362 sq.

303 2375 355 2446 ⁸76)
374 2379 445 2436 Anu.
468 2379 571 2444 xllt‚5
596 2381 663 2430 enim
689 2379 829 2432 lectionem
855 2379 933 2434 codd.
957 2389 984 2432 ct
1008 2379 1068 2433 edd.
1090 2387 1155 2436 vett.
1178 2379 1231 2430 celo
1250 2379 1370 2437 discrete,

353 2467 424 2534 qscd
439 2467 521 2516 cisum
533 2475 648 2528 arceret,
667 2467 780 2516 odilus
795 2481 847 2516 ocu
865 2467 986 2518 adimeret
1003 2473 1064 2533 pest
1080 2462 1250 2518 Weltberom'
1261 2465 1371 2534 egregie

354 2551 474 2606 defendit
491 2551 610 2605 Pebstius
629 2544 817 2605 inobservate.
835 2551 991 2604 indebitum
1009 2551 1090 2603 iudici
1107 2551 1256 2611 scholarum
1276 2553 1370 2621 Gpmm

354 2637 479 2692 Arnstedt
499 2653 526 2690 e,
545 2635 618 2690 1837.
637 2639 787 2704 praemissis
805 2653 830 2704 p.
848 2636 875 2689 8.
895 2645 986 2688 contre
1003 2639 1171 2689 coniecturas
1189 2637 1272 2706 Lipsii
1289 2639 1370 2696 code

355 2734 412 2789 tue,
430 2721 564 2775 Piehenee
594 2723 726 2787 auditum,
756 2738 862 2790 querum
882 2721 958 2773 illem
983 2721 1102 2775 Freinsb.
1128 2719 1244 2778 Gronov.
1269 2713 1372 2778 ernest

354 2808 451 2861 Kiessl.
468 2808 562 2860 Weltb.
577 2806 658 2863 Beth.
675 2808 738 2861 Ritt.
750 2805 826 2874 Rup,
844 2806 913 2858 heuc
931 2807 1035 2875 Bipont.
1056 2806 1145 2865 Obesi.
1163 2810 1249 2867 Rekk.
1265 2798 1294 2860 in
1313 2818 1372 2861 tex·
1430 2869 1438 2879 Ι

353 2902 409 2945 tum
427 2892 578 2945 intulerunt.
613 2891 715 2943 Etenim
733 2896 761 2942 ut
779 2894 938 2944 omittem-
950 2892 978 2943 id
996 2890 1067 2962 quod
1085 2892 1205 2945 Pebstius
1223 2896 1324 2947 monuit
1338 2924 1370 2934 -

353 2986 463 3047 propter
481 2977 643 3030 antecedent
660 2978 818 3030 vccabulum
835 2979 918 3029 cisum
933 2978 1067 3044 librarios,
1085 2982 1108 3031 si
1127 2980 1233 3049 quidem
1251 2983 1371 3033 osciten-

353 3066 408 3117 tiee
426 3064 470 3119 vel
488 3064 630 3118 'socordiae
656 3066 748 3117 vitium
767 3066 972 3130 commisissent,
995 3068 1088 3133 potius
1102 3068 1189 3118 ιιιιέιιιι
1212 3069 1243 3117 iu
1264 3068 1372 3118 sumtus

353 3148 399 3201 vel
419 3150 535 3199 auditum
552 3157 696 3201 mutaturos
714 3148 805 3214 inisse,
830 3166 906 3218 quem
925 3152 1058 3203 uicissim:
1087 3160 1197 3219 propter
1214 3153 1298 3219 ipsum
1316 3155 1367 3205 sin·

355 3233 455 3303 guleris
473 3232 581 3285 formem
605 3236 687 3285 visum
705 3232 872 3301 expectares,
896 3244 925 3286 ut
942 3234 1062 3299 Tacitus,
1092 3238 1115 3287 si
1138 3251 1241 3288 revere⁴
1260 3236 1293 3287 de
1319 3254 1373 3289 eu-

354 3318 481 3369 diendo
499 3332 587 3369 sermo
606 3326 690 3381 esset,
708 3332 762 3369 nou
780 3320 899 3383 auditus,
917 3320 966 3370 sed
984 3322 1100 3371 auditum
1112 3323 1274 3387 scripsisset,
1294 3338 1372 3389 quum

354 3413 444 3457 temen
467 3403 528 3455 libri
550 3404 610 3455 bisti
634 3411 660 3454 et
688 3402 748 3459 edd.
765 3410 830 3456 vett.
849 3404 935 3454 editos
951 3404 1106 3470 proebeant.
1141 3406 1244 3473 Lipsius
1263 3407 1370 3475 quidem

358 3490 484 3554 eldrmet,
503 3489 569 3540 adiri
582 3491 738 3556 conspicius
760 3488 879 3543 noluisse
896 3489 1077 3557 Agrippinum,
1100 3490 1149 3543 sed
1165 3490 1286 3543 Pebstins
1303 3492 1372 3547 benc

360 3578 454 3629 summi
481 3577 567 3627 critici
595 3574 751 3627 seutentiam
774 3582 876 3627 temere
900 3577 994 3626 ieetem
1025 3578 1122 3643 optime
1151 3577 1277 3630 restiterit
1296 3579 1371 3632 bisce

355 3660 460 3714 verbis:
477 3660 550 3714 siloc
564 3664 677 3730 conspici
693 3662 843 3714 concedere
861 3660 968 3731 quidem
983 3676 1132 3728 possumus,
1149 3678 1202 3714 nec
1218 3678 1284 3717 nero
1303 3666 1371 3717 illud

357 3750 435 3799 odiri.
471 3748 617 3816 Agrippina
634 3756 662 3797 ut
680 3756 839 3810 senatorum,
858 3748 903 3815 qui
921 3746 954 3797 sb
971 3748 1054 3813 ipsius
1071 3749 1284 3814 pertenuisset,
1304 3767 1372 3802 con-

356 3832 419 3885 silis
439 3828 564 3885 adinum
594 3842 700 3900 posset,
729 3834 756 3884 in
783 3833 908 3899 peletium
932 3834 1077 3885 convenire
1105 3842 1228 3886 senatum·
1246 3837 1371 3887 iusserat:

359 3920 412 3970 iem
429 3932 495 3971 vero
512 3921 578 3987 ipss,
597 3931 751 3987 quemquem
769 3922 872 3971 senatui
889 3922 1019 3971 iuteresse
1035 3918 1159 3983 nolebat,
1181 3921 1278 3973 lemine
1296 3923 1372 3973 viro·

269 4040 272 4047 -
356 4018 414 4055 rum
432 3984 539 4069 editui,
559 4007 656 4073 quippe
675 4005 746 4072 quod
764 4004 918 4058 indecorum
935 4006 1083 4070 videretur,
1101 4006 1164 4059 velo
1175 4006 1288 4059 discrete
1301 4006 1371 4057 edi·

358 4097 410 4141 tus
428 4098 515 4141 temen
527 4106 581 4142 non
597 4086 755 4143 adimebet“
790 4090 862 4143 idem
880 4090 937 4142 lere
948 4090 1004 4159 legi
1022 4092 1091 4159 epud
1108 4092 1235 4148 Ammine.
1253 4091 1371 4146 blerceil.

356 4172 423 4238 XIV,
442 4173 467 4239 9,
486 4171 511 4227 2.
528 4176 598 4227 idem
616 4176 663 4227 ille
676 4176 781 4239 docuit,
801 4178 846 4244 qui
864 4183 891 4229 et
907 4176 1039 4245 relegavit
1055 4194 1104 4231 nos
1122 4177 1370 4234 edilemmcriilist.

357 4262 434 4328 regni
452 4259 555 4312 'inl-cici
573 4252 651 4313 ‘'lom.
669 4260 712 4313 tv,
741 4276 767 4327 p.
785 4258 850 4326 501,
880 4262 925 4313 ubi
942 4272 1025 4315 meter
1041 4265 1183 4328 Mustelae,
1201 4264 1368 4330 imperatoris

357 4343 514 4409 Turcerum,
532 4344 628 4397 lemine
647 4343 832 4399 deminutionis
850 4348 1016 4413 avidissima,
1037 4350 1121 4401 altere
1132 4350 1291 4418 Agrippina,
1310 4364 1368 4400 cum

360 4430 493 4483 seditiosis
516 4432 641 4484 militibus
659 4446 708 4499 per
725 4432 845 4485 eulaeum
864 4435 953 4501 egisse
972 4443 1100 4487 nemetum
1135 4435 1215 4487 Vides
1233 4435 1285 4487 boc
1302 4435 1364 4487 loco

362 4514 444 4569 Taciti
463 4514 578 4571 editores
601 4519 665 4585 ipsis
683 4517 797 4569 librariis
814 4517 980 4573 festinantius
998 4536 1031 4572 ec
1048 4520 1185 4574 socordius
1203 4523 1300 4591 egisse.
