3525 5500
758 649 910 742 ...²2-

288 847 442 904 aenteutiae
461 846 559 918 ignaru
581 850 629 902 aut
648 844 790 907 iuearioao
810 862 863 918 pro
885 842 1197 916 ringulam-autoiretur
1212 886 1219 902 .
1235 886 1241 901 .
1257 886 1264 901 .
1279 846 1392 903 niueae

282 950 511 1021 postmoduum
522 950 682 1022 putaverim.
724 950 766 1013 ct,
789 966 833 1017 ea,
855 964 927 1020 eume
946 948 1033 1003 llilter
1054 954 1083 1003 et
1096 948 1280 1019 Kieaaliupiua
1295 956 1390 1008 eootm

287 1049 459 1109 waltherum
480 1061 510 1109 et
529 1052 674 1123 Baebium,
696 1053 742 1123 qui
762 1051 893 1123 pluralem
924 1050 1074 1107 defendere
1103 1052 1195 1107 eonati
1223 1057 1301 1121 mut,
1329 1052 1390 1108 dia-

283 1161 418 1225 pulerut
468 1156 501 1211 ll.
537 1156 591 1226 111,
626 1153 678 1211 le.
714 1163 881 1211 occurreret
912 1170 963 1225 pro
999 1161 1185 1209 numerarent
1214 1154 1253 1210 eb
1289 1154 1388 1225 singull.

282 1258 436 1329 reciperet.
477 1257 511 1312 ll.
529 1257 580 1327 lv,
603 1256 652 1311 58.
666 1256 774 1328 rutilet
793 1272 845 1327 pro
857 1256 972 1327 uallauit
993 1256 1030 1311 ob
1043 1272 1175 1327 praeaena
1197 1256 1392 1315 demeeeutur.

289 1358 357 1431 cap.
381 1360 430 1415 70.
451 1360 576 1415 librarian
598 1358 705 1415 eedieia
724 1360 776 1414 fla.
800 1360 835 1415 ob
856 1356 1057 1425 conjunctivum
1069 1358 1281 1429 praecedentem
1303 1362 1387 1417 ebde-

284 1471 387 1519 reutur
407 1464 556 1535 aeripmrat
572 1463 766 1535 perfeetum,
796 1462 847 1518 uod
876 1468 974 1533 poetea
996 1462 1101 1517 ultimae
1121 1462 1214 1517 literas
1246 1466 1389 1534 expunxit.

282 1564 480 1636 ltaqueflaeile
494 1572 538 1621 eat
557 1564 713 1634 intelleetu,
725 1564 871 1634 Baebium,
885 1564 1030 1635 llitterum,
1044 1562 1201 1635 Rupertium
1212 1558 1269 1629 ²⁰)
1291 1580 1308 1621 e
1324 1566 1387 1622 eod.

281 1666 317 1724 Α
345 1674 376 1723 el
402 1668 447 1724 ed
475 1668 546 1739 spir,
576 1667 724 1723 leetienem
748 1667 902 1739 persupere
929 1666 1057 1737 vulgatae
1089 1667 1282 1739 perfuparunt
1310 1674 1388 1725 reete

282 1770 455 1841 praetulisse.
505 1768 627 1823 Eandem
661 1769 878 1825 emendationem
905 1768 1032 1839 probavit
1059 1768 1174 1827 Ilaaaiae
1205 1769 1233 1825 in
1269 1768 1390 1828 Eetaetia

281 1870 580 1942 Diariiuplailologieia
600 1871 804 1927 Zimmermauni
829 1888 859 1928 a.
883 1870 975 1927 10836.
997 1887 1043 1928 ao.
1066 1869 1116 1928 Sl.
1138 1871 1246 1928 maertis
1267 1888 1294 1943 p.
1317 1872 1388 1929 678.
1500 1921 1503 1929 ,

282 1972 376 2029 unbtili
394 1972 548 2029 dieeriuine
567 1974 652 2045 umor,
671 1974 746 2065 quod
764 1974 838 2045 apud
851 1974 974 2030 'laeitum
983 1974 1054 2029 iuter
1065 1974 1136 2045 perf.
1149 1974 1280 2045 temporie
1294 1976 1392 2033 tertiae

280 2092 357 2148 pera.
390 2075 460 2147 plur.
489 2077 693 2133 terminationes
721 2085 806 2133 emunt
833 2082 862 2132 et
891 2093 940 2133 ere
967 2077 1073 2133 neseio.
1091 2094 1125 2132 an
1153 2083 1231 2133 reete
1258 2079 1389 2135 statuerit.

282 2177 349 2249 (lap.
371 2177 423 2237 86.
445 2179 526 2235 eodd
545 2179 607 2235 Mati
627 2195 679 2251 pro
700 2179 776 2251 vulg.
798 2176 1006 2235 subduceretur
1028 2178 1157 2234 exhibent
1179 2178 1259 2234 aetia.
1272 2178 1387 2237 formam

281 2279 453 2339 aubdueeret
479 2282 663 2340 obanteeed.
683 2282 803 2339 velaret.
845 2280 933 2352 ΗΝ,
964 2280 1014 2339 26.
1044 2298 1119 2354 quoe
1147 2280 1291 2339 Antonius
1323 2284 1389 2355 epl-

287 2384 384 2454 autu,
406 2385 589 2441 llordemuua
617 2385 741 2440 Flueeua
764 2400 905 2463 praeseus
933 2382 1118 2455 mouebat,
1148 2400 1231 2439 erma
1259 2385 1290 2440 in
1313 2382 1389 2441 Ger-

284 2489 379 2541 nmuiu
405 2488 523 2543 mouit
548 2502 601 2559 pro
631 2487 706 2557 iulg.
736 2502 763 2542 e.
784 2488 804 2541 ι’.
829 2485 861 2542 (l.
880 2488 956 2542 meur·
985 2486 1021 2542 eb
1056 2486 1265 2543 anteeedentem
1292 2488 1390 2545 tertiae
1440 2523 1443 2531 ι

282 2603 421 2659 personae
442 2589 556 2645 formam
577 2588 719 2645 monebat.
764 2588 870 2657 Quibus
892 2589 1024 2659 exemplis
1041 2590 1204 2660 comparatis
1216 2588 1388 2647 Waltlnerum

280 2690 502 2748 monueram
532 2692 598 2748 Tae.
628 2692 710 2764 Spee.
732 2690 765 2748 ΙΙ.
787 2709 814 2764 p.
839 2689 887 2748 17.
917 2689 984 2745 Anu.
1006 2688 1061 2764 Xl,
1094 2689 1142 2746 17.
1172 2692 1228 2748 init.
1257 2692 1389 2763 pluralem

283 2791 481 2851 merebam
507 2792 535 2848 in
556 2793 722 2864 aingularem
742 2809 881 2849 numerum
902 2791 1078 2850 memorabat
1098 2794 1171 2850 bene
1185 2800 1304 2855 mutasse
1318 2811 1388 2852 een-

279 2909 342 2951 eeo.
385 2893 517 2950 ltaliei
538 2894 610 2950 enim
623 2901 728 2951 eretea
739 2906 902 2965 memorare,
925 2911 995 2966 quae
1010 2895 1119 2952 Taeilna
1133 2895 1169 2952 ad
1183 2896 1258 2967 vulgi
1274 2899 1388 2968 gratum

281 3002 312 3054 et
332 2996 454 3053 favorem
470 2995 626 3068 quaerenda
636 2995 710 3068 jueta
726 2997 902 3068 merebere,
925 3013 979 3054 nen
1001 2997 1168 3070 illorum,
1192 2999 1236 3070 qui
1257 3000 1299 3056 hia
1320 3001 1387 3072 ipsis

279 3100 380 3171 rebus,
403 3115 472 3171 quae
493 3115 545 3171 pro
567 3099 653 3156 ltaliei
667 3100 789 3172 partibus
812 3107 978 3156 memoratae
1001 3107 1092 3172 erant,
1115 3101 1197 3158 evicti
1219 3109 1246 3158 et
1259 3103 1388 3160 commoti

276 3203 406 3273 juvenem
427 3218 524 3272 regem
545 3203 736 3274 sequebantur.
765 3201 887 3258 Pluralea
910 3220 1029 3274 coepere
1051 3211 1079 3260 et
1100 3203 1296 3278 sequebantur
1318 3206 1384 3262 ior-

281 3319 352 3370 mam
372 3303 568 3360 memorabant
593 3306 728 3376 traxisse,
750 3305 832 3362 laeile
854 3311 897 3362 eet
918 3305 1066 3362 intellectu.
1110 3307 1183 3362 Sane
1200 3323 1287 3376 aegre
1300 3309 1385 3379 seren,

280 3386 355 3477 qaod
376 3406 503 3465 Waltlrer
521 3406 584 3478 ipae
611 3423 688 3463 auam
716 3407 893 3463 eertiaaimam
915 3407 1132 3464 emendationem
1159 3415 1258 3479 poatea
1281 3409 1385 3482 sprevit

279 3514 376 3580 utpote
397 3509 480 3566 eodd.
502 3509 578 3565 llam
599 3508 732 3565 addietua.

474 3808 547 3874 De
569 3812 734 3891 quarto
756 3809 979 3876 vitiorum
1003 3827 1185 3890 gemere.
1259 3792 1262 3804 ⁵

380 3951 441 4008 Jam
461 3969 530 4010 vero
553 3954 715 4010 accedamus
736 3955 772 4010 ad
796 3961 916 4026 quartum
931 3971 1019 4026 genus
1029 3955 1155 4011 vitiorum
1169 3955 1197 4010 in
1212 3955 1294 4012 eodd.
1307 3954 1383 4011 blatis

282 4055 414 4111 bledieeie
437 4055 588 4112 obviorum.
631 4057 661 4112 si
684 4057 791 4127 qnando
814 4056 916 4112 librarii
939 4059 965 4112 in
987 4057 1078 4127 aliquo
1100 4057 1238 4113 vocabulo
1261 4057 1382 4128 legendo

279 4158 429 4216 haerebant
458 4158 572 4230 incerti,
603 4159 667 4230 qnid
701 4160 868 4231 seriberent,
897 4161 963 4230 aive!
983 4177 1032 4216 ena
1060 4159 1166 4216 inscitia
1195 4175 1228 4214 ae
1259 4164 1382 4229 stupore,

279 4261 337 4316 aive
360 4260 434 4332 quod
454 4261 550 4318 literae
562 4261 591 4316 iu
603 4268 712 4318 vetuste
726 4263 875 4334 exemplari
887 4277 981 4334 parum
996 4263 1071 4320 elare
1083 4269 1111 4318 et
1125 4261 1250 4320 distinete
1263 4260 1383 4333 aeriptae

281 4426 534 4436 *κήκ-..-

297 4519 346 4587 20)
364 4523 451 4578 Etiam
467 4523 638 4578 Peteraeniaa
654 4523 673 4577 l.
691 4523 710 4588 l.
725 4523 759 4582 lt
776 4541 804 4594 p.
821 4522 864 4579 20.
881 4524 1025 4578 lectionem
1040 4525 1176 4592 pertinuere
1192 4522 1324 4592 probavit.
