3525 5500
889 651 1039 745 „io—0-

416 843 469 914 m.)
492 847 542 905 Οι.
566 847 595 914 (u
609 863 650 921 pr.
668 844 716 912 m.)
739 850 771 906 lt.
793 855 874 921 utque
897 849 925 906 iu
947 849 1070 908 omnibus
1084 849 1247 907 editionibus
1268 849 1396 922 leguntur
1417 847 1512 906 iudeo

423 951 574 1008 Puteolano
588 966 674 1023 usque
696 951 730 1008 cd
746 951 920 1023 Oberiinum,
943 953 1060 1024 quicum
1071 948 1215 1024 bedhero,
1240 953 1364 1022 Rideto,
1385 949 1510 1021 Rupertio

417 1053 575 1124 particulam
597 1071 650 1127 que
673 1055 770 1111 omisit.
814 1054 944 1111 Proxime
970 1061 1060 1112 numm
1080 1055 1115 1113 od
1136 1054 1360 1126 Bmueuhorgeri
1381 1052 1509 1110 emendo-

423 1156 523 1212 tionem
545 1155 803 1227 accessithochius,
826 1158 871 1228 qui
892 1158 1026 1229 probsute
1037 1157 1208 1215 Doederliuo
1230 1157 1315 1214 edidit
1330 1164 1418 1228 utque
1439 1171 1510 1210 coa-

362 1245 364 1253 *
417 1260 510 1314 traria
525 1261 747 1316 asseverantium
768 1260 914 1316 discordia
929 1268 1085 1316 erueretur.
1128 1259 1311 1316 Doederliuus
1325 1264 1420 1330 putot,
1442 1271 1509 1314 eou-

413 1357 581 1426 junctionem
603 1370 635 1418 ut
656 1361 777 1433 pendere
806 1377 843 1418 ex
866 1361 951 1418 verbo
977 1361 1121 1434 faciebat,
1150 1361 1293 1435 efficiebat
1314 1361 1360 1418 uel
1382 1356 1508 1430 curabat,

416 1462 490 1534 qood
512 1479 547 1519 ex
569 1463 709 1520 locutione
732 1472 838 1537 ternpus
858 1463 1042 1537 impartiebat
1062 1464 1099 1520 cd
1119 1463 1232 1520 ultorum
1253 1460 1407 1522 scoteutiie
1427 1477 1509 1517 meru-

419 1565 494 1620 hrum
516 1565 719 1636 intelligendum
741 1566 783 1622 sit.
827 1567 874 1621 Sin
898 1565 1084 1634 conjectorem
1105 1566 1253 1638 frueretur
1273 1567 1391 1638 probus,
1414 1580 1447 1620 eu
1468 1563 1508 1618 ei-

414 1666 476 1738 iipsi
499 1681 553 1722 uon
577 1683 646 1739 opus
669 1675 726 1738 est,
749 1667 799 1723 sed
820 1668 951 1739 porticoiu
980 1651 1013 1724 ut
1039 1685 1088 1725 sus
1109 1669 1191 1724 utitur
1216 1668 1507 1740 creaturarumque

414 1769 555 1824 consilium
578 1785 612 1824 oc
633 1770 725 1840 finem,
757 1786 810 1841 quo
842 1770 906 1841 quid
935 1770 1036 1826 iactum
1064 1771 1117 1841 sit,
1145 1770 1253 1828 iudicet.
1297 1769 1432 1826 Porticuia
1455 1783 1505 1840 pue

414 1875 503 1924 autem
523 1870 606 1925 rerba
624 1879 691 1943 post
714 1872 827 1944 epulas,
851 1887 921 1943 quae
930 1873 1069 1930 rationem
1085 1887 1120 1928 so
1138 1872 1247 1928 modum
1268 1872 1426 1941 continent,
1449 1866 1506 1938 qui·

412 1971 464 2028 bus
486 1971 559 2028 Nero
581 1973 758 2046 philosophis·
773 1981 876 2045 tempus
899 1973 1086 2045 impertirerit,
1107 1975 1309 2046 coniunguntur
1331 1989 1393 2030 com
1413 1986 1498 2028 enun-

413 2070 526 2131 tiatione
547 2075 635 2146 durii,
661 2092 711 2147 qua
734 2076 902 2147 decimatur,
926 2093 980 2146 quo
1002 2077 1120 2134 considio
1141 2084 1247 2149 tompus
1267 2074 1440 2150 philosophia
1459 2070 1508 2124 im-

414 2177 563 2248 pertiverii.
606 2178 673 2234 Ideo
697 2185 725 2234 et
742 2178 825 2234 verbu
843 2186 911 2251 post
932 2180 1033 2251 epulor
1047 2179 1134 2236 verbo
1155 2178 1338 2252 impartiebat
1359 2172 1506 2250 postposito

416 2287 494 2351 suut,
516 2287 546 2336 ut
573 2297 607 2337 eo
637 2298 696 2337 cam
719 2281 855 2338 enuntiato
886 2281 958 2338 busli
982 2281 1123 2353 jungenda
1150 2298 1215 2338 esso
1235 2282 1318 2338 focile
1339 2277 1506 2348 intedigatur.

410 2381 450 2438 lto
472 2383 573 2454 duplex
595 2391 653 2438 eret
674 2383 791 2440 Neronis
813 2384 957 2440 ludibrium
979 2411 1019 2424 —-
1041 2390 1070 2439 ut
1091 2383 1251 2443 Doederiiui
1272 2384 1365 2442 verbio
1387 2387 1446 2438 utor
1471 2399 1501 2413 -

410 2485 532 2556 primum,
555 2486 629 2556 quod
651 2487 772 2557 speciem
792 2486 1003 2558 philosophandi
1016 2485 1145 2546 induebat
1166 2492 1291 2558 tempore
1311 2485 1349 2542 sd
1369 2483 1398 2540 id
1419 2493 1505 2549 nego-

409 2587 601 2644 tiumminime
630 2588 732 2644 idoneo
759 2583 830 2659 ⁷³),
861 2589 961 2660 quippe
989 2603 1042 2658 quo
1070 2594 1166 2645 vector
1188 2589 1251 2646 cibo
1273 2604 1308 2645 uc
1329 2588 1395 2646 rino
1418 2578 1503 2654 grttit

410 2697 501 2762 esset,
530 2691 658 2763 rherum,
681 2690 755 2763 quod
776 2691 957 2763 philosophos
985 2705 1040 2746 uon
1069 2690 1106 2749 ud
1133 2690 1275 2749 veritatem
1296 2682 1505 2759 investigandum

410 2794 535 2866 ucoihrt,
558 2810 647 2865 neque
669 2801 698 2850 ui
719 2794 890 2865 erudiretur,
911 2794 962 2851 sed
978 2810 1031 2865 quo
1054 2794 1192 2851 discordie
1214 2794 1399 2852 oblectaretur
1419 2786 1505 2861 philo·

408 2897 574 2968 sophorum,
598 2898 659 2968 qui,
681 2904 712 2952 ut
731 2897 800 2953 inter
823 2898 946 2954 diversus
977 2904 1069 2954 secius
1090 2898 1253 2954 rixosissimi
1284 2896 1398 2969 generis
1419 2885 1502 2945 homi·

408 3014 469 3055 num
481 2999 636 3070 ’hodieque'
649 2999 708 3056 fieri
730 2999 819 3069 solet,
843 2999 979 3055 conhoriu
995 2999 1166 3070 pervioreius
1187 3006 1378 3058 asseverantes
1391 3010 1425 3052 se
1445 3005 1500 3049 mu·

409 3106 458 3156 tuo
480 3102 617 3157 vexabunt
638 3108 718 3171 utque
734 3101 928 3172 corripiebuut.
971 3101 1134 3171 conjecturs
1154 3102 1356 3173 frueretur
1376 3088 1499 3171 prosituit

405 3203 494 3260 stetim
514 3203 592 3259 hisce
613 3202 703 3259 verbis'
725 3203 812 3258 'l’eoiti
834 3204 963 3259 firmatur:
992 3205 1203 3272 Noricorum,
1226 3197 1497 3277 putoreouttaroo
1578 3273 1579 3290 Χ

406 3308 481 3363 tristi
495 3308 571 3363 iuter
593 3304 868 3363 obiectamenta
890 3308 971 3377 repio
985 3309 1111 3379 spectmu'
1126 3314 1271 3379 caperrat.
1314 3306 1356 3362 De
1377 3302 1403 3360 vi
1424 3306 1498 3366 atquo
1577 3373 1578 3400 p

403 3425 454 3465 usu
475 3410 551 3465 verbi
571 3410 632 3480 frui
660 3408 695 3465 oi.
728 3408 846 3465 virorum
874 3408 1017 3467 doctorum
1039 3409 1249 3467 commentarios
1270 3426 1294 3475 ,ιι
1316 3403 1446 3479 Rupertio
1466 3395 1497 3453 td

404 3510 438 3566 Δ.
460 3512 503 3582 ΙΙ,’
525 3510 571 3568 13.
595 3518 830 3569 commemoratos.
875 3510 929 3580 Qut
944 3519 1033 3569 cutem
1055 3512 1353 3583 vuigommeruoratur
1373 3505 1493 3568 rodomi

404 3613 437 3669 uh
459 3630 510 3669 usu
537 3613 667 3686 loquendi
690 3614 834 3671 discedere
862 3614 926 3669 mihi
955 3614 1086 3672 ridemur.
1135 3614 1203 3671 Nom
1230 3614 1371 3671 veritos
1398 3605 1496 3680 uiridem
1540 3646 1543 3653 .

407 3715 528 3788 eruitur,
551 3732 606 3772 uon
628 3723 716 3773 tomen
739 3716 944 3787 discordie,
967 3717 1018 3773 uisi
1039 3716 1064 3773 si
1083 3716 1175 3776 obdito
1196 3724 1225 3773 et
1247 3717 1355 3773 occultu
1378 3711 1478 3769 dicitur.

505 3818 613 3875 Liberae
635 3836 651 3875 e
673 3821 732 3875 eti
754 3826 783 3889 ut
804 3820 832 3875 io
854 3818 914 3875 aliis
937 3818 1018 3875 codd.
1035 3818 1111 3875 histis
1137 3813 1210 3891 ⁷⁴),
1232 3820 1270 3875 ito
1291 3820 1319 3875 iu
1340 3816 1414 3875 libris
1429 3804 1493 3868 uer.

438 4030 485 4096 73)
506 4030 544 4083 ct.
564 4029 622 4085 Cic.
640 4030 716 4085 Tuae.
734 4030 766 4093 V,
784 4027 828 4094 ³5,
850 4025 912 4085 101:
941 4031 980 4083 Ne
996 4040 1077 4085 meare
1098 4032 1199 4099 quidem
1221 4041 1291 4085 recta
1313 4033 1353 4083 uti
1367 4031 1493 4098 possamus
1570 3965 1572 4068 A

491 4120 569 4171 mulio
588 4118 642 4169 cibo
661 4125 685 4167 ei
698 4118 801 4183 potioris
819 4117 944 4184 compteri.

435 4202 482 4267 ti)
501 4203 545 4255 Sic
564 4202 619 4256 Cic.
637 4202 705 4267 Epp.
735 4200 768 4251 ud
792 4202 864 4256 Foru.
882 4202 908 4265 1,
927 4201 951 4267 t,
969 4200 986 4253 3
1004 4202 1065 4256 cod.
1083 4203 1151 4257 uod
1168 4204 1296 4257 arseutire,
1308 4217 1357 4269 pro
1376 4184 1489 4249 maeotim

493 4296 520 4340 et
537 4288 567 4352 ll,
583 4287 611 4351 6,
631 4282 776 4353 1ρειῙετιι
797 4302 844 4353 pro
866 4290 980 4355 perferri
1002 4288 1120 4354 praebet.
1155 4288 1217 4345 Tuc.
1239 4286 1303 4355 Agr.
1326 4286 1360 4341 st
1383 4288 1445 4335 extr.
1466 4274 1490 4322 in

490 4374 551 4429 cod.
575 4373 632 4425 Vei.
649 4367 726 4425 3429.
748 4374 875 4440 imputare
893 4389 941 4441 pro
973 4375 1098 4442 imputari
1121 4373 1229 4443 legitur.
1268 4371 1370 4425 Mortis]
1385 4368 1411 4432 1,
1436 4353 1490 4424 22⁶

490 4457 576 4509 codex
592 4457 740 4509 Puteunous
758 4458 818 4509 urbi
833 4473 881 4525 pro
899 4458 964 4511 urbe
981 4467 1008 4511 et
1025 4460 1067 4524 Vl,
1085 4456 1135 4527 bt,
1151 4457 1169 4511 3
1185 4476 1270 4511 mares
1286 4475 1335 4527 pro
1352 4452 1430 4508 morit
1446 4458 1490 4496 ⁰¹·

494 4540 575 4597 hibet.
609 4540 684 4597 Mau.
702 4542 728 4610 1,
747 4542 777 4610 3,
802 4544 818 4597 5
843 4544 912 4599 idem
940 4545 1028 4599 codex
1044 4561 1103 4611 cum
1129 4545 1260 4602 vossiano
1276 4543 1307 4609 B,
1332 4550 1359 4597 et
1381 4533 1491 4591 Gudi⁸ss⁰
