3525 5500
873 666 1026 766 2⁰1.

505 868 581 927 iiaud
594 870 712 928 absurde
727 869 813 942 igitur
827 869 862 926 ll.
883 871 962 942 livi,
987 868 1035 926 ts.
1056 869 1194 941 vulgatam
1208 867 1341 925 aodiaum·
1349 868 1496 926 tottionem

403 972 480 1028 isoio
501 975 630 1029 somnino
652 981 680 1031 at
699 973 839 1046 faciles
859 989 960 1030 versus
988 973 1201 1044 Beaaonberger
1220 972 1247 1028 lu
1269 970 1423 1029 Eneudutt.
1445 971 1499 1028 de-

402 1074 466 1132 leat.
487 1091 515 1148 p.
533 1075 583 1133 ti.
605 1077 727 1134 porrexit
745 1077 772 1132 io
795 1078 812 1133 l.
830 1093 854 1132 c.
877 1085 906 1132 et
924 1077 1065 1148 futtiles
1084 1091 1193 1133 narsus.
1228 1075 1409 1132 Doederiiuus
1425 1076 1496 1131 enim

406 1178 539 1235 subtiliter
561 1179 667 1250 quidem
689 1179 828 1236 annotavit
847 1195 944 1235 versus
964 1180 1102 1251 iudioros,
1121 1181 1240 1251 Jooosos
1260 1178 1297 1234 de
1317 1177 1400 1234 rebus
1422 1194 1499 1234 amu-

402 1281 481 1338 toriis
502 1297 535 1338 ao
557 1281 685 1338 similibus
706 1296 780 1337 novo
806 1282 963 1354 -signiiiaatu
982 1284 1086 1356 fusiles
1107 1283 1177 1354 diei,
1203 1282 1254 1339 sad
1274 1283 1321 1354 id,
1343 1282 1418 1354 quod
1438 1281 1500 1354 ipse

406 1384 542 1456 oonjeoit,
562 1385 676 1456 fucatos
697 1401 797 1441 oeraas
819 1381 961 1456 displicet,
992 1387 1093 1458 quippe
1121 1401 1201 1457 quum
1230 1386 1307 1441 nimis
1336 1383 1501 1442 aeodiaum

405 1487 537 1560 scriptura
558 1487 673 1544 reoedat
693 1503 727 1544 aa
756 1487 914 1544 facetiarum
935 1487 994 1544 laus
1023 1489 1056 1544 ab
1078 1489 1220 1545 isoeioco
1242 1489 1394 1545 alienauit
1437 1487 1501 1543 Ex-

403 1595 531 1662 peetares
558 1591 649 1662 potius
679 1605 715 1646 ax
742 1590 855 1662 ingenio
877 1589 1015 1663 Petronii,
1041 1598 1072 1646 ut
1098 1593 1199 1647 molles
1225 1607 1325 1648 sersus
1347 1586 1391 1657 (a.
1416 1589 1496 1647 Ouid.

404 1691 485 1750 unsa,
505 1688 547 1764 ll,
571 1686 661 1758 307.)
682 1693 728 1750 vei
749 1693 835 1751 similo
857 1694 922 1764 quid
943 1709 959 1748 a
980 1694 1078 1750 'iaoito
1099 1700 1370 1763 oommemomretur3
1394 1709 1447 1764 epra
1467 1708 1500 1749 re

404 1793 566 1866 adieetivum
586 1795 684 1866 futiles
707 1795 830 1852 duotiisus
859 1797 996 1852 literarum
1018 1794 1176 1853 simillimum
1197 1797 1270 1852 tmud
1296 1797 1416 1868 ineptum
1437 1793 1501 1852 miii

403 1897 602 1954 videturesse.
645 1897 771 1955 Vioiasim
794 1897 850 1954 Cio.
875 1897 951 1954 Orat
973 1898 1004 1969 8,
1028 1899 1078 1957 27.
1101 1899 1164 1956 eod.
1187 1899 1317 1955 iiiusiedl.
1337 1897 1423 1970 [atita
1444 1911 1497 1968 pro

403 1999 494 2072 fusile
508 1999 628 2056 exhibet.
671 1999 752 2073 Apud
765 2001 886 2058 Tacitum
907 2002 924 2056 l;
937 2001 955 2056 l.
969 2003 1140 2074 praecedam
1153 2017 1326 2074 spnoopmou
1348 2001 1418 2058 levis
1438 1999 1502 2057 lor-

404 2108 479 2160 tasse
499 2103 582 2158 traxit
601 2118 699 2160 vooem
719 2103 824 2175 somus.
851 2127 853 2132 ·
1074 2115 1077 2121 ’
1129 2119 1134 2124 ·
1471 2107 1474 2114 “

506 2205 538 2262 Η.
558 2207 613 2278 iv,
637 2206 686 2266 29.
707 2207 844 2279 vulgatam
866 2205 991 2264 oodiaun
1012 2206 1159 2264 lectionem
1186 2207 1263 2263 unde
1284 2207 1393 2262 atomos
1413 2209 1501 2264 occi-

404 2307 504 2379 derat,
527 2309 721 2382 elroamuparo
735 2324 872 2383 corporo,
896 2310 1012 2366 lenden
1031 2325 1141 2366 orosa
1162 2316 1240 2366 reete
1253 2309 1424 2380 improbasse
1437 2309 1501 2365 milri

404 2409 530 2467 videntur
549 2411 671 2484 Lipsius,
693 2412 849 2483 Aeidaiius,
872 2399 976 2483 liitter,
1000 2412 1152 2484 Rupertius.
1195 2411 1313 2468 nrauum
1335 2412 1407 2468 enim
1428 2413 1499 2468 inter

407 2510 599 2570 Germuuomm
622 2514 676 2570 tela
699 2529 788 2585 neque
804 2515 836 2569 io
860 2508 1001 2570 (immunia
1022 2531 1114 2586 neque
1129 2520 1174 2571 tot
1190 2515 1304 2586 proeliis
1325 2514 1353 2570 iu
1374 2514 1500 2570 ilistoriis

404 2618 486 2688 atque
509 2615 655 2674 Annalibus
684 2617 829 2688 descriptis
850 2632 965 2688 unquam
987 2617 1059 2688 apud
1079 2618 1201 2674 Tacitum
1220 2619 1250 2673 iit
1272 2618 1388 2673 mentio:
1411 2633 1500 2688 neque

407 2725 467 2792 est,
497 2720 571 2792 quod
598 2720 625 2776 in
651 2721 704 2777 huo
725 2727 856 2777 noeturna
887 2723 1038 2777 eas'tmrum
1060 2721 1280 2794 oppugnatione,
1303 2721 1403 2793 quippe
1425 2721 1500 2793 euius

405 2822 476 2879 ratio
499 2840 532 2881 aa
553 2830 647 2879 nutura
670 2820 839 2894 gladiorum,
862 2823 1014 2895 hastarum,
1036 2823 1153 2896 pilorum
1174 2824 1261 2894 magis
1284 2839 1362 2894 quam
1383 2823 1500 2895 sagitta-

405 2940 481 2997 rum,
503 2924 659 2997 landarum,
688 2933 882 2983 tormentorum
909 2942 986 2982 usum
1014 2927 1168 2998 admiserit,
1189 2932 1299 2998 praeter
1320 2931 1413 2982 eetera
1434 2926 1500 2997 tela,

408 3028 503 3099 quibus
526 3029 627 3084 eminus
651 3029 971 3101 cominusvapugnatur,
993 3029 1045 3101 ipsi
1060 3031 1140 3085 arous
1162 3034 1415 3084 commemorentur.
1459 3028 1502 3085 Aa

406 3146 443 3186 ne
463 3131 595 3202 proximis
619 3131 724 3201 quidem
753 3132 1032 3203 verbis'ipssoooram
1053 3147 1140 3203 saepe
1162 3131 1255 3187 talis
1274 3132 1424 3203 smtisaima'
1445 3148 1501 3187 co-

407 3233 475 3289 dsrs
502 3234 612 3305 vulgata
641 3234 769 3291 firmatur:
800 3234 899 3306 quippe
926 3235 1086 3290 vocabulum
1116 3235 1175 3290 teto
1201 3250 1257 3290 non
1282 3231 1374 3300 jacula
1400 3238 1501 3290 tautum

408 3336 510 3393 eminus
531 3339 613 3394 missa
635 3344 728 3409 notat,
751 3337 801 3395 sed
816 3337 978 3393 Germamoo
990 3326 1218 3413 &uptiffdmffett
1239 3336 1398 3407 respondet.
1442 3336 1502 3392 Aa·

408 3440 481 3496 aedit
524 3440 597 3511 quod
619 3456 679 3497 oum
701 3440 827 3497 Ernestlo
857 3456 892 3496 ao
912 3440 1018 3498 ilittero
1043 3442 1220 3497 vehementer
1241 3440 1352 3510 dubito,
1373 3455 1436 3494 uum
1458 3438 1502 3494 la-

406 3540 462 3597 tine
484 3540 604 3614 dioatur,
625 3560 715 3599 areum
736 3544 811 3600 tendi
826 3544 925 3615 aliquo.
968 3543 1035 3599 Nam
1048 3542 1189 3598 loeutioue
1210 3558 1309 3599 uacum
1331 3542 1411 3598 tenda·
1429 3542 1502 3598 idem

407 3642 570 3715 significari,
593 3646 665 3716 quod
679 3644 836 3703 Germaniae
855 3640 908 3701 beat
922 3637 1021 3719 ffiopatt
1037 3635 1174 3717 l'paattan,
1196 3660 1251 3701 uon
1265 3631 1390 3717 atatem
1404 3643 1502 3700 iiittter

407 3744 479 3802 bena
501 3745 610 3818 doouit,
640 3762 693 3804 uee
714 3745 851 3805 solemnes
873 3748 1007 3805 iorurulae
1025 3764 1129 3802 mosas
1150 3746 1191 3805 od
1211 3748 1335 3818 coelam,
1357 3748 1397 3803 od
1418 3746 1502 3816 Deos,

408 3850 447 3904 ad
467 3848 605 3905 homimem
626 3852 749 3922 aliquem
764 3850 880 3906 tendere
902 3850 1043 3921 quidquam
1058 3849 1185 3906 momenti
1206 3850 1242 3905 ad
1262 3850 1398 3920 vulgatam
1420 3856 1503 3905 tuen-
1550 3850 1555 3861 ’

409 3950 470 4009 dam
491 3950 621 4021 alierunt3
642 3948 722 4008 immo
744 3950 807 4008 inde
828 3958 905 4023 patet
930 3952 1017 4023 longe
1038 3949 1172 4009 diversam
1193 3952 1332 4023 utriusque
1353 3952 1503 4008 locutionis

407 4054 540 4111 rationem
569 4070 656 4139 asae.⁴
683 4054 776 4111 liunus
805 4054 875 4110 euim
904 4054 968 4111 ideo
996 4055 1120 4111 dicuutur
1148 4054 1240 4125 aliquo
1267 4055 1359 4126 tendi,
1392 4054 1504 4126 quoda

407 4157 513 4229 reliquo
529 4172 648 4231 corpore
671 4158 746 4227 quasi
761 4164 936 4214 amoveantur
957 4164 1038 4228 atque
1052 4157 1086 4213 ad
1106 4172 1164 4212 rem
1178 4158 1293 4229 aliquam
1312 4173 1410 4215 uersus
1431 4172 1503 4229 por-

407 4260 546 4331 rigantur3
575 4266 603 4315 at
639 4276 717 4315 araus
745 4260 779 4319 ad
808 4276 937 4333 scopum,
968 4276 1046 4331 quem
1075 4261 1193 4331 sagittae
1214 4261 1328 4332 ierlant,
1355 4277 1411 4316 non
1437 4266 1504 4316 teu·

410 4361 522 4435 dunum,
544 4362 596 4419 sad
618 4362 775 4434 diriguntur.
818 4364 1001 4435 Interpretes,
1030 4364 1074 4435 qui
1102 4363 1238 4435 vulgatam
1268 4364 1434 4434 tolerarunt,
1456 4362 1505 4419 ie-
1599 4437 1600 4444 ἵ

409 4464 478 4519 tellit
513 4463 698 4522 Germania-um
731 4466 842 4523 verbum
872 4456 990 4538 aidica,
1034 4479 1088 4536 quo
1122 4466 1231 4523 ianuam
1267 4469 1382 4525 taedere
1419 4480 1505 4537 saepe

410 4564 489 4624 reddi
503 4572 611 4641 ,potest
654 4568 747 4641 ltaque
769 4578 865 4640 ortos,
888 4568 970 4641 Lipsii
992 4568 1209 4625 emendationem
1230 4584 1246 4625 a
1268 4568 1373 4626 iilttero
1394 4574 1424 4625 et
1443 4568 1506 4625 iiu-
