3525 5500
900 643 1053 739 Ait..

419 843 490 901 inste
511 842 777 916 oratoriaeque,
805 840 858 902 nisi
886 841 1013 901 nnirene
1038 842 1067 901 ita
1086 841 1258 913 tnqaeoton
1278 840 1306 900 ia
1328 839 1460 900 ldedioeis
1483 840 1519 897 li·

417 944 475 1001 laris
496 946 673 1002 omissionem
701 944 891 1016 partieolaron
920 944 1133 1015 oopaiatirarnn
1160 944 1318 1015 imildae·
1343 944 1390 1004 *Et
1409 944 1523 1017 prinam

416 1047 526 1119 qnidero
554 1061 625 1119 opos
647 1054 690 1105 est
711 1046 865 1104 auotoritati
888 1045 1039 1105 otninnor
1052 1046 1152 1105 Baebii.
1168 1044 1385 1117 etlloederiioi,
1407 1062 1523 1117 qaorum

416 1150 464 1207 ille
486 1150 522 1206 ad
543 1150 576 1206 A.
597 1150 650 1220 itt,
674 1153 722 1220 5.,
738 1150 789 1206 ⁴iaie
815 1150 843 1205 in
873 1148 961 1207 Praei.
984 1166 1011 1220 p.
1033 1150 1090 1207 llll.
1120 1150 1289 1212 oseitndooa
1317 1156 1346 1207 ei
1372 1148 1523 1220 negliger-

416 1253 480 1309 tiarn
501 1252 670 1309 librariorum
699 1253 727 1308 io
749 1250 893 1309 oonoiion
921 1258 951 1306 et
979 1258 1063 1311 arten
1091 1253 1233 1324 eoriptorla
1264 1258 1403 1314 vertentes
1425 1252 1523 1310 inatun

416 1355 547 1425 asyndeti
568 1355 685 1411 sardinia
707 1354 804 1411 Tacito
833 1354 989 1411 vindicasse
1015 1355 1067 1413 sibi
1092 1356 1144 1413 viai
1173 1362 1242 1414 stati.
1287 1353 1395 1427 anpe
1416 1354 1522 1421 eelelri

415 1457 633 1527 breviloquentia
655 1456 778 1513 Tanitina
807 1472 940 1527 perverse
969 1456 1061 1527 abasi,
1098 1456 1230 1517 narres
1258 1456 1381 1516 nieuw
1410 1456 1438 1513 in
1459 1457 1521 1520 ele·

417 1559 601 1630 gratissimum
632 1558 905 1629 florentissimamque
935 1574 1023 1617 rernm
1045 1559 1226 1619 Roaraoarotn
1254 1566 1395 1618 anotoren
1426 1574 1521 1629 qnan-

414 1676 494 1732 qnasr
525 1661 601 1717 inviti
629 1661 830 1719 tramtnlernot.
875 1660 1013 1729 Quodetsi
1041 1661 1068 1722 io
1097 1661 1232 1723 oooouttr
1255 1661 1380 1725 loooranr
1401 1676 1417 1717 a
1439 1661 1519 1717 Doe-

414 1764 521 1822 derlino
533 1771 731 1835 eongestoroan
752 1763 906 1835 ospodnoo
927 1764 995 1821 terri
1010 1770 1119 1835 potest,
1142 1764 1234 1835 plores
1247 1770 1335 1824 tamen
1356 1770 1434 1835 sant,
1459 1765 1518 1835 qoi-

419 1866 470 1920 bns
493 1865 578 1935 rotgo
597 1866 720 1924 editorea
742 1867 867 1937 eopnlaao
881 1866 954 1940 bene
973 1865 1144 1936 otdderiot,
1168 1880 1325 1939 wmqoam
1345 1866 1429 1924 tacite
1451 1882 1519 1924 oon·

414 1967 553 2039 cesseris,
575 1967 767 2025 emendatores
788 1967 869 2037 illos,
900 1967 996 2043 quibas
1018 1966 1129 2037 volgae
1151 1966 1235 2026 lentio
1257 1968 1384 2039 oopotan
1407 1968 1515 2039 debeat,

413 2070 442 2125 ia
463 2070 591 2141 eligenda
614 2086 665 2141 ea,
694 2084 764 2140 qnae
791 2069 915 2139 vestigiis
938 2068 1123 2124 lledieeorum
1151 2070 1276 2127 eodionnr
1306 2071 1422 2127 maxime
1446 2087 1515 2127 eon-

415 2172 523 2243 veniat,
545 2173 677 2243 partionis
701 2171 855 2245 copulativa
885 2172 1055 2227 interdoma
1083 2188 1150 2227 vero
1174 2173 1310 2229 aberasse
1355 2174 1515 2230 Recensea-

418 2292 476 2331 mus
498 2276 581 2347 igitur
603 2281 631 2331 et
644 2289 879 2347 recognoscamus
902 2274 1026 2344 singulae
1048 2272 1145 2345 loeos,
1169 2275 1264 2347 quibus
1281 2276 1408 2349 copulam
1430 2276 1510 2348 vulgo

418 2377 535 2438 additam
558 2378 695 2433 antbene
717 2378 853 2433 animale
877 2378 1025 2433 omiserunt
1053 2378 1155 2440 ttrrrrit
1178 2379 1363 2436 Mediceorutn'
1385 2380 1515 2437 codicum.

412 2480 499 2551 lpitor
520 2479 554 2539 A.
577 2480 632 2551 vt,
655 2480 705 2537 37.
727 2487 796 2539 extr.
819 2479 992 2539 enitendum
1020 2496 1137 2540 censeo:
1166 2467 1295 2539 Vitellius
1318 2523 1325 2537 .
1354 2520 1363 2539 .
1395 2491 1515 2539 .monet

418 2583 564 2638 Tiridaten
574 2584 781 2655 primoresque,
790 2582 874 2652 itane,
895 2581 1032 2637 Phraatis
1047 2583 1224 2653 neipaltoris
1239 2582 1383 2655 Caesaris,
1401 2603 1514 2658 qnae-

411 2700 481 2762 ·pne
502 2684 652 2760 atrobiqne
663 2686 795 2760 paleira,
817 2685 985 2755 meminerit,
1007 2682 1083 2757 illos,
1107 2682 1270 2760 obsequium
1290 2689 1445 2760 inrepere,
1467 2702 1515 2743 re·
1589 2722 1590 2742 t

415 2791 576 2846 senentiam
596 2791 628 2844 in
644 2806 712 2860 nos,
735 2790 822 2845 decue
845 2789 962 2861 quisque
977 2805 1060 2844 annm
1082 2797 1109 2845 ei
1122 2791 1206 2861 fldem
1221 2791 1386 2848 retinerent.
1432 2791 1514 2848 Omisi
1588 2819 1589 2829 .

412 2893 482 2963 enim
504 2892 631 2965 copulant
653 2900 681 2948 et
710 2908 727 2951 e
756 2892 915 2950 oonieetura
943 2889 1065 2948 Rhenaoi
1094 2900 1157 2950 ante
1187 2885 1290 2950 altorio
1319 2891 1404 2966 vulgo
1427 2895 1513 2952 ioaet·
1587 2903 1588 2915 ¹

410 3001 483 3065 tarn,
506 3012 557 3067 pro
570 3012 624 3065 qna
645 2995 738 3053 endas
761 3001 789 3052 et
810 2994 854 3053 ed.
868 2993 932 3050 Ber.
955 2994 1113 3064 partientem
1135 3003 1168 3052 nt
1188 2995 1290 3053 habent
1310 3011 1425 3066 eamque
1447 2995 1514 3051 haud
1586 2973 1587 2999 ¹

410 3098 494 3154 dolie
521 3113 558 3155 ex
585 3096 761 3153 eorreotione
790 3103 836 3152 ant
864 3097 1091 3166 interpretatione
1117 3096 1198 3152 seioli
1226 3097 1365 3153 oniasdana
1393 3098 1514 3168 lenioris,

412 3199 457 3271 qni
479 3214 540 3256 eam
561 3206 675 3271 propter
696 3200 808 3256 verbum
830 3197 959 3253 monendi
980 3197 1007 3252 in
1024 3198 1148 3268 margine
1169 3199 1213 3254 vel
1236 3213 1448 3272 superterram
1470 3217 1513 3256 ar-

412 3301 523 3376 chetypi
547 3303 747 3375 adscriptam,
770 3301 843 3357 unde
856 3305 954 3372 postea
977 3300 1004 3355 in
1026 3305 1128 3358 textum
1149 3301 1294 3358 verborum
1315 3301 1433 3374 irrepsit.
1475 3303 1514 3359 lle

410 3406 579 3464 removenda
602 3405 719 3479 copula,
742 3405 818 3461 cuius
847 3404 971 3462 deiectus
994 3404 1020 3458 in
1049 3404 1194 3476 iungendis
1217 3405 1330 3464 tribus
1352 3406 1513 3478 praedicatis
1580 3437 1581 3440 =

412 3508 476 3565 nihil
501 3507 584 3564 habet
605 3507 765 3566 olienaionia
786 3513 817 3566 et
841 3507 978 3578 uyadeto
1001 3507 1111 3567 alterius
1133 3508 1245 3572 nentri
1266 3510 1433 3581 respondet,
1455 3524 1513 3564 rne-

411 3623 472 3665 eant
495 3612 713 3666 consentientem
742 3611 832 3665 habeo
854 3609 1067 3678 Doederlinam3
1091 3612 1134 3680 qai
1156 3619 1245 3666 tamen
1268 3613 1461 3668 eoniaaetiene
1482 3619 1512 3666 ot

413 3714 578 3784 transposita
606 3713 643 3769 ita
671 3713 774 3783 corrigi
805 3711 876 3767 vult:
911 3711 1043 3768 Vitellios
1066 3754 1071 3766 .
1096 3755 1101 3768 .
1126 3756 1132 3768 .
1156 3721 1281 3769 ,monet
1309 3753 1317 3769 .
1341 3757 1347 3770 .
1371 3757 1377 3770 .
1402 3756 1408 3770 .
1430 3715 1511 3783 Anno,

409 3823 446 3872 nt
467 3815 602 3872 Plorantis
624 3819 685 3887 aei,
708 3817 810 3871 altoris
838 3813 990 3885 caeraris,
1021 3833 1093 3887 quae
1116 3813 1266 3890 utrobique
1285 3815 1426 3894 pulchra,
1448 3834 1510 3872 me-

408 3921 522 3976 minerit
543 3936 616 3992 sqq:
646 3919 697 3976 sed
724 3920 785 3993 ipse
811 3917 908 3988 loeus,
937 3933 991 3988 qno
1020 3934 1037 3972 a
1065 3919 1175 3976 librario
1205 3927 1238 3978 nt
1259 3920 1377 3990 positum
1401 3917 1465 3989 est,
1487 3925 1512 3973 et

408 4023 538 4092 oegtooto
567 4022 749 4080 menbrorum
777 4020 949 4082 ooneinaritas
977 4019 1152 4090 glomerante
1181 4022 1367 4093 suspioionern
1395 4027 1510 4078 movent.

409 4123 539 4196 Aequalis
562 4126 632 4180 enirn
653 4124 833 4179 membrorum
861 4123 932 4185 ratio
955 4137 1068 4182 monere
1097 4124 1220 4195 ridetur,
1242 4131 1272 4180 ut
1292 4125 1468 4196 conianolo,
1489 4123 1511 4179 si

409 4234 474 4298 post
494 4225 570 4282 Anne
591 4232 725 4297 ponitur,
752 4238 845 4281 rorans
874 4227 940 4296 pdst
966 4225 1032 4281 illos
1061 4229 1219 4298 repetatur,
1243 4227 1306 4283 coll.
1330 4226 1363 4282 A.
1385 4226 1437 4297 lv,
1462 4225 1509 4281 38.

410 4328 535 4388 Proinde
548 4330 659 4402 socios,
683 4330 759 4384 cives
773 4337 801 4385 et
823 4329 891 4384 deos
906 4331 982 4404 ipsos
1000 4345 1121 4402 precor,
1143 4330 1223 4402 lios,
1246 4339 1284 4387 at
1299 4373 1306 4386 .
1321 4371 1329 4390 .
1344 4373 1350 4386 .
1367 4372 1374 4386 .
1390 4373 1397 4386 .
1411 4332 1422 4386 i
1428 4330 1439 4385 l
1445 4329 1509 4398 loe,

408 4441 449 4490 at
469 4449 529 4506 sqq.
570 4432 615 4494 De
640 4432 705 4499 solo
739 4433 913 4502 ooniunetivo
945 4447 1005 4488 oum
1033 4432 1119 4490 verbo
1141 4433 1269 4492 monendi
1290 4434 1382 4493 iooeto
1406 4432 1455 4488 eir.
1478 4431 1508 4487 A.

408 4535 485 4606 xiii,
508 4535 536 4592 9.
558 4551 599 4607 pr.
614 4535 718 4608 Repeto
739 4579 746 4593 .
771 4579 778 4593 .
800 4579 807 4594 .
831 4578 837 4592 .
862 4534 1081 4608 monebant,
1100 4553 1303 4609 parietariam
1315 4534 1508 4596 drammat-
