<?xml version="1.0" encoding="UTF-8"?>
<!DOCTYPE html PUBLIC "-//W3C//DTD XHTML 1.0 Transitional//EN"
    "http://www.w3.org/TR/xhtml1/DTD/xhtml1-transitional.dtd">
<html xmlns="http://www.w3.org/1999/xhtml" xml:lang="en" lang="en">
 <head>
  <title>
</title>
<meta http-equiv="Content-Type" content="text/html;charset=utf-8" />
  <meta name='ocr-system' content='tesseract 3.04.00' />
  <meta name='ocr-capabilities' content='ocr_page ocr_carea ocr_par ocr_line ocrx_word'/>
</head>
<body>
  <div class='ocr_page' id='page_1' title='image "./studiacriticain00heragoog_0060.png"; bbox 0 0 3525 5500; ppageno 0'>
   <div class='ocr_carea' id='block_1_1' title="bbox 885 668 1033 764">
    <p class='ocr_par' dir='ltr' id='par_1_1' title="bbox 885 668 1033 764">
     <span class='ocr_line' id='line_1_1' title="bbox 885 668 1033 764; baseline 0 -39"><span class='ocrx_word' id='word_1_1' title='bbox 885 668 1033 764; x_wconf 46' lang='lat' dir='ltr'><strong>...V-⁶...</strong></span> 
     </span>
    </p>
   </div>
   <div class='ocr_carea' id='block_1_2' title="bbox 352 860 1598 1250">
    <p class='ocr_par' dir='ltr' id='par_1_2' title="bbox 352 860 1598 1250">
     <span class='ocr_line' id='line_1_2' title="bbox 410 860 1598 940; baseline 0.005 -19"><span class='ocrx_word' id='word_1_2' title='bbox 410 882 462 938; x_wconf 81' lang='lat' dir='ltr'><strong><em>pro</em></strong></span> <span class='ocrx_word' id='word_1_3' title='bbox 485 865 602 923; x_wconf 79' lang='lat' dir='ltr'><strong><em>Cestius.</em></strong></span> <span class='ocrx_word' id='word_1_4' title='bbox 648 865 678 923; x_wconf 88' lang='grc'><strong><em>0.</em></strong></span> <span class='ocrx_word' id='word_1_5' title='bbox 702 865 753 924; x_wconf 84' lang='grc'><strong><em>35.</em></strong></span> <span class='ocrx_word' id='word_1_6' title='bbox 776 868 857 925; x_wconf 77' lang='lat' dir='ltr'><strong><em>oolla</em></strong></span> <span class='ocrx_word' id='word_1_7' title='bbox 883 870 928 925; x_wconf 86' lang='lat' dir='ltr'><strong><em>eoi</em></strong></span> <span class='ocrx_word' id='word_1_8' title='bbox 956 885 1007 940; x_wconf 86' lang='lat' dir='ltr'><strong><em>pro</em></strong></span> <span class='ocrx_word' id='word_1_9' title='bbox 1035 868 1114 923; x_wconf 81' lang='lat' dir='ltr'><strong><em>onitu</em></strong></span> <span class='ocrx_word' id='word_1_10' title='bbox 1142 867 1204 925; x_wconf 87' lang='lat' dir='ltr'><strong><em>ieoi.</em></strong></span> <span class='ocrx_word' id='word_1_11' title='bbox 1255 867 1285 925; x_wconf 87' lang='grc'><strong><em>0.</em></strong></span> <span class='ocrx_word' id='word_1_12' title='bbox 1310 867 1358 925; x_wconf 81' lang='grc'><strong><em>51.</em></strong></span> <span class='ocrx_word' id='word_1_13' title='bbox 1382 876 1517 927; x_wconf 84' lang='lat' dir='ltr'><strong><em>orantem</em></strong></span> <span class='ocrx_word' id='word_1_14' title='bbox 1597 860 1598 865; x_wconf 33' lang='lat'>¹</span> 
     </span>
     <span class='ocr_line' id='line_1_3' title="bbox 410 969 1515 1045; baseline 0.005 -20"><span class='ocrx_word' id='word_1_15' title='bbox 410 986 462 1040; x_wconf 85' lang='lat' dir='ltr'><strong><em>pro</em></strong></span> <span class='ocrx_word' id='word_1_16' title='bbox 492 971 646 1026; x_wconf 82' lang='lat' dir='ltr'><strong><em>ardentem.</em></strong></span> <span class='ocrx_word' id='word_1_17' title='bbox 696 969 729 1025; x_wconf 93' lang='lat' dir='ltr'><strong><em>A.</em></strong></span> <span class='ocrx_word' id='word_1_18' title='bbox 752 970 830 1041; x_wconf 81' lang='lat' dir='ltr'><strong><em>xiv,</em></strong></span> <span class='ocrx_word' id='word_1_19' title='bbox 855 971 881 1026; x_wconf 92' lang='grc'><strong><em>1.</em></strong></span> <span class='ocrx_word' id='word_1_20' title='bbox 905 972 961 1027; x_wconf 90' lang='lat' dir='ltr'><strong><em>init.</em></strong></span> <span class='ocrx_word' id='word_1_21' title='bbox 989 970 1111 1045; x_wconf 82' lang='lat' dir='ltr'><strong><em>Vipsono</em></strong></span> <span class='ocrx_word' id='word_1_22' title='bbox 1139 988 1190 1042; x_wconf 82' lang='lat' dir='ltr'><strong><em>pro</em></strong></span> <span class='ocrx_word' id='word_1_23' title='bbox 1218 970 1361 1045; x_wconf 73' lang='lat' dir='ltr'><strong><em>Vipstano.</em></strong></span> <span class='ocrx_word' id='word_1_24' title='bbox 1406 972 1436 1029; x_wconf 83' lang='grc'><strong><em>0.</em></strong></span> <span class='ocrx_word' id='word_1_25' title='bbox 1460 972 1515 1030; x_wconf 85' lang='grc'><strong><em>22.</em></strong></span> 
     </span>
     <span class='ocr_line' id='line_1_4' title="bbox 409 1072 1516 1148; baseline 0.004 -20"><span class='ocrx_word' id='word_1_26' title='bbox 409 1075 457 1145; x_wconf 80' lang='lat' dir='ltr'><strong><em>qui</em></strong></span> <span class='ocrx_word' id='word_1_27' title='bbox 487 1082 514 1129; x_wconf 88' lang='lat' dir='ltr'><strong><em>ei</em></strong></span> <span class='ocrx_word' id='word_1_28' title='bbox 540 1090 591 1148; x_wconf 80' lang='lat' dir='ltr'><strong><em>ppo</em></strong></span> <span class='ocrx_word' id='word_1_29' title='bbox 621 1074 714 1146; x_wconf 78' lang='lat' dir='ltr'><strong><em>quieti.</em></strong></span> <span class='ocrx_word' id='word_1_30' title='bbox 768 1073 798 1129; x_wconf 85' lang='grc'><strong><em>0.</em></strong></span> <span class='ocrx_word' id='word_1_31' title='bbox 829 1073 877 1130; x_wconf 88' lang='lat'><strong><em>23.</em></strong></span> <span class='ocrx_word' id='word_1_32' title='bbox 905 1075 1012 1145; x_wconf 74' lang='lat' dir='ltr'><strong><em>faciem</em></strong></span> <span class='ocrx_word' id='word_1_33' title='bbox 1041 1092 1092 1146; x_wconf 83' lang='lat' dir='ltr'><strong><em>pro</em></strong></span> <span class='ocrx_word' id='word_1_34' title='bbox 1120 1075 1243 1146; x_wconf 70' lang='lat' dir='ltr'><strong><em>facilem.</em></strong></span> <span class='ocrx_word' id='word_1_35' title='bbox 1296 1074 1328 1133; x_wconf 84' lang='lat' dir='ltr'><strong><em>C.</em></strong></span> <span class='ocrx_word' id='word_1_36' title='bbox 1357 1072 1407 1131; x_wconf 81' lang='grc'><strong><em>31.</em></strong></span> <span class='ocrx_word' id='word_1_37' title='bbox 1435 1076 1516 1148; x_wconf 77' lang='lat' dir='ltr'><strong><em>sacti</em></strong></span> 
     </span>
     <span class='ocr_line' id='line_1_5' title="bbox 352 1177 1514 1250; baseline 0.004 -19"><span class='ocrx_word' id='word_1_38' title='bbox 352 1241 355 1246; x_wconf 22' lang='lat'><strong>¹</strong></span> <span class='ocrx_word' id='word_1_39' title='bbox 409 1192 461 1247; x_wconf 82' lang='lat' dir='ltr'><strong><em>pro</em></strong></span> <span class='ocrx_word' id='word_1_40' title='bbox 481 1177 577 1247; x_wconf 77' lang='lat' dir='ltr'><strong><em>[raeti.</em></strong></span> <span class='ocrx_word' id='word_1_41' title='bbox 622 1178 651 1234; x_wconf 88' lang='grc'><strong><em>0.</em></strong></span> <span class='ocrx_word' id='word_1_42' title='bbox 681 1177 730 1233; x_wconf 87' lang='grc'><strong><em>39.</em></strong></span> <span class='ocrx_word' id='word_1_43' title='bbox 760 1179 893 1249; x_wconf 85' lang='lat' dir='ltr'><strong><em>remipum</em></strong></span> <span class='ocrx_word' id='word_1_44' title='bbox 922 1194 973 1250; x_wconf 88' lang='lat' dir='ltr'><strong><em>pro</em></strong></span> <span class='ocrx_word' id='word_1_45' title='bbox 1002 1179 1155 1250; x_wconf 77' lang='lat' dir='ltr'><strong><em>remipium.</em></strong></span> <span class='ocrx_word' id='word_1_46' title='bbox 1208 1178 1238 1233; x_wconf 85' lang='lat' dir='ltr'><strong><em>(l.</em></strong></span> <span class='ocrx_word' id='word_1_47' title='bbox 1269 1178 1318 1234; x_wconf 92' lang='grc'><strong><em>58.</em></strong></span> <span class='ocrx_word' id='word_1_48' title='bbox 1349 1196 1409 1235; x_wconf 89' lang='lat' dir='ltr'><strong><em>uno</em></strong></span> <span class='ocrx_word' id='word_1_49' title='bbox 1436 1180 1514 1237; x_wconf 85' lang='lat' dir='ltr'><strong><em>baec</em></strong></span> 
     </span>
    </p>
   </div>
   <div class='ocr_carea' id='block_1_3' title="bbox 322 1275 1513 1355">
    <p class='ocr_par' dir='ltr' id='par_1_3' title="bbox 322 1275 1513 1355">
     <span class='ocr_line' id='line_1_6' title="bbox 322 1275 1513 1355; baseline 0.003 -22"><span class='ocrx_word' id='word_1_50' title='bbox 322 1279 327 1301; x_wconf 83' lang='lat'>¹</span> <span class='ocrx_word' id='word_1_51' title='bbox 410 1294 460 1349; x_wconf 90' lang='lat' dir='ltr'><strong><em>pro</em></strong></span> <span class='ocrx_word' id='word_1_52' title='bbox 482 1296 556 1334; x_wconf 81' lang='lat' dir='ltr'><strong><em>anno</em></strong></span> <span class='ocrx_word' id='word_1_53' title='bbox 577 1280 650 1337; x_wconf 86' lang='lat' dir='ltr'><strong><em>boec</em></strong></span> <span class='ocrx_word' id='word_1_54' title='bbox 675 1275 739 1347; x_wconf 63' lang='grc' dir='ltr'><strong>Η).</strong></span> <span class='ocrx_word' id='word_1_55' title='bbox 783 1279 817 1337; x_wconf 99' lang='lat' dir='ltr'><strong><em>A.</em></strong></span> <span class='ocrx_word' id='word_1_56' title='bbox 840 1281 907 1351; x_wconf 83' lang='lat' dir='ltr'><strong><em>XV,</em></strong></span> <span class='ocrx_word' id='word_1_57' title='bbox 932 1282 959 1337; x_wconf 89' lang='lat'><strong><em>5.</em></strong></span> <span class='ocrx_word' id='word_1_58' title='bbox 982 1288 1051 1339; x_wconf 84' lang='lat' dir='ltr'><strong><em>extr.</em></strong></span> <span class='ocrx_word' id='word_1_59' title='bbox 1086 1282 1303 1355; x_wconf 75' lang='lat' dir='ltr'><strong><em>Tyronocertam</em></strong></span> <span class='ocrx_word' id='word_1_60' title='bbox 1323 1298 1374 1353; x_wconf 85' lang='lat' dir='ltr'><strong><em>pro</em></strong></span> <span class='ocrx_word' id='word_1_61' title='bbox 1401 1282 1513 1353; x_wconf 78' lang='lat' dir='ltr'><strong><em>Tigra-</em></strong></span> 
     </span>
    </p>
   </div>
   <div class='ocr_carea' id='block_1_4' title="bbox 407 1382 1599 2691">
    <p class='ocr_par' dir='ltr' id='par_1_4' title="bbox 407 1382 1599 2691">
     <span class='ocr_line' id='line_1_7' title="bbox 409 1382 1513 1457; baseline 0.005 -20"><span class='ocrx_word' id='word_1_62' title='bbox 409 1391 565 1438; x_wconf 83' lang='lat' dir='ltr'><strong><em>nocertam.</em></strong></span> <span class='ocrx_word' id='word_1_63' title='bbox 610 1383 675 1454; x_wconf 79' lang='lat' dir='ltr'><strong><em>Cep.</em></strong></span> <span class='ocrx_word' id='word_1_64' title='bbox 709 1382 756 1437; x_wconf 87' lang='grc'><strong><em>13.</em></strong></span> <span class='ocrx_word' id='word_1_65' title='bbox 783 1382 919 1454; x_wconf 63' lang='lat' dir='ltr'><strong><em>subjectis</em></strong></span> <span class='ocrx_word' id='word_1_66' title='bbox 940 1386 983 1439; x_wconf 84' lang='lat' dir='ltr'><strong><em>rei</em></strong></span> <span class='ocrx_word' id='word_1_67' title='bbox 1015 1400 1065 1456; x_wconf 81' lang='lat' dir='ltr'><strong><em>pro</em></strong></span> <span class='ocrx_word' id='word_1_68' title='bbox 1094 1382 1228 1455; x_wconf 83' lang='lat' dir='ltr'><strong><em>subjectis</em></strong></span> <span class='ocrx_word' id='word_1_69' title='bbox 1255 1386 1327 1455; x_wconf 85' lang='lat' dir='ltr'><strong><em>regi.</em></strong></span> <span class='ocrx_word' id='word_1_70' title='bbox 1372 1384 1437 1457; x_wconf 78' lang='lat' dir='ltr'><strong>(lap.</strong></span> <span class='ocrx_word' id='word_1_71' title='bbox 1461 1386 1513 1443; x_wconf 86' lang='grc'><strong><em>25.</em></strong></span> 
     </span>
     <span class='ocr_line' id='line_1_8' title="bbox 410 1483 1512 1562; baseline 0.006 -23"><span class='ocrx_word' id='word_1_72' title='bbox 410 1483 492 1540; x_wconf 86' lang='grc'><strong>166116</strong></span> <span class='ocrx_word' id='word_1_73' title='bbox 523 1485 586 1540; x_wconf 86' lang='lat' dir='ltr'><strong><em>eod.</em></strong></span> <span class='ocrx_word' id='word_1_74' title='bbox 617 1486 667 1540; x_wconf 85' lang='grc'><strong>116.</strong></span> <span class='ocrx_word' id='word_1_75' title='bbox 698 1488 813 1541; x_wconf 82' lang='lat' dir='ltr'><strong><em>enculio</em></strong></span> <span class='ocrx_word' id='word_1_76' title='bbox 844 1492 903 1542; x_wconf 79' lang='lat' dir='ltr'><strong><em>orto</em></strong></span> <span class='ocrx_word' id='word_1_77' title='bbox 932 1502 967 1541; x_wconf 85' lang='lat' dir='ltr'><strong><em>ex</em></strong></span> <span class='ocrx_word' id='word_1_78' title='bbox 997 1487 1104 1557; x_wconf 83' lang='lat' dir='ltr'><strong><em>antiquo</em></strong></span> <span class='ocrx_word' id='word_1_79' title='bbox 1134 1488 1265 1558; x_wconf 82' lang='lat' dir='ltr'><strong><em>scripture</em></strong></span> <span class='ocrx_word' id='word_1_80' title='bbox 1294 1490 1428 1544; x_wconf 73' lang='lat' dir='ltr'><strong><em>executio</em></strong></span> <span class='ocrx_word' id='word_1_81' title='bbox 1458 1506 1512 1562; x_wconf 87' lang='lat' dir='ltr'><strong><em>pro</em></strong></span> 
     </span>
     <span class='ocr_line' id='line_1_9' title="bbox 412 1586 1506 1661; baseline 0.005 -18"><span class='ocrx_word' id='word_1_82' title='bbox 412 1590 567 1644; x_wconf 72' lang='lat' dir='ltr'><strong><em>exsecutio.</em></strong></span> <span class='ocrx_word' id='word_1_83' title='bbox 627 1588 693 1661; x_wconf 81' lang='lat' dir='ltr'><strong>Cup.</strong></span> <span class='ocrx_word' id='word_1_84' title='bbox 724 1586 773 1645; x_wconf 88' lang='grc'><strong><em>68.</em></strong></span> <span class='ocrx_word' id='word_1_85' title='bbox 794 1590 884 1645; x_wconf 87' lang='lat' dir='ltr'><strong><em>inimo</em></strong></span> <span class='ocrx_word' id='word_1_86' title='bbox 915 1590 1080 1646; x_wconf 76' lang='lat' dir='ltr'><strong><em>soiliolitote</em></strong></span> <span class='ocrx_word' id='word_1_87' title='bbox 1120 1604 1170 1660; x_wconf 80' lang='lat' dir='ltr'><strong><em>pio</em></strong></span> <span class='ocrx_word' id='word_1_88' title='bbox 1207 1590 1307 1644; x_wconf 87' lang='lat' dir='ltr'><strong><em>intimo</em></strong></span> <span class='ocrx_word' id='word_1_89' title='bbox 1341 1590 1506 1649; x_wconf 82' lang='lat' dir='ltr'><strong><em>sodalitate.</em></strong></span> 
     </span>
     <span class='ocr_line' id='line_1_10' title="bbox 409 1689 1599 1772; baseline 0.006 -27"><span class='ocrx_word' id='word_1_90' title='bbox 409 1689 439 1747; x_wconf 87' lang='grc'><strong><em>0.</em></strong></span> <span class='ocrx_word' id='word_1_91' title='bbox 464 1690 511 1747; x_wconf 80' lang='lat' dir='ltr'><strong><em>li.</em></strong></span> <span class='ocrx_word' id='word_1_92' title='bbox 530 1691 579 1746; x_wconf 79' lang='lat' dir='ltr'><strong><em>&#39;sio</em></strong></span> <span class='ocrx_word' id='word_1_93' title='bbox 606 1692 743 1764; x_wconf 89' lang='lat' dir='ltr'><strong><em>supplicio</em></strong></span> <span class='ocrx_word' id='word_1_94' title='bbox 773 1708 823 1763; x_wconf 87' lang='lat' dir='ltr'><strong><em>pro</em></strong></span> <span class='ocrx_word' id='word_1_95' title='bbox 853 1694 915 1748; x_wconf 87' lang='lat' dir='ltr'><strong><em>sine</em></strong></span> <span class='ocrx_word' id='word_1_96' title='bbox 945 1693 1094 1765; x_wconf 85' lang='lat' dir='ltr'><strong><em>supplicio.</em></strong></span> <span class='ocrx_word' id='word_1_97' title='bbox 1145 1691 1177 1747; x_wconf 95' lang='lat' dir='ltr'><strong><em>A.</em></strong></span> <span class='ocrx_word' id='word_1_98' title='bbox 1207 1692 1296 1772; x_wconf 87' lang='grc' dir='ltr'><strong><em>ΙΙΙΙΙ,Ι</em></strong></span> <span class='ocrx_word' id='word_1_99' title='bbox 1318 1690 1365 1749; x_wconf 94' lang='grc'><strong><em>10.</em></strong></span> <span class='ocrx_word' id='word_1_100' title='bbox 1395 1696 1510 1751; x_wconf 85' lang='lat' dir='ltr'><strong><em>mulieri</em></strong></span> <span class='ocrx_word' id='word_1_101' title='bbox 1598 1715 1599 1725; x_wconf 51' lang='lat'>*</span> 
     </span>
     <span class='ocr_line' id='line_1_11' title="bbox 407 1791 1502 1867; baseline 0.004 -18"><span class='ocrx_word' id='word_1_102' title='bbox 407 1791 537 1850; x_wconf 84' lang='lat' dir='ltr'><strong><em>belulatu</em></strong></span> <span class='ocrx_word' id='word_1_103' title='bbox 566 1810 617 1865; x_wconf 81' lang='lat' dir='ltr'><strong><em>pro</em></strong></span> <span class='ocrx_word' id='word_1_104' title='bbox 647 1795 778 1851; x_wconf 78' lang='lat' dir='ltr'><strong><em>muliebri</em></strong></span> <span class='ocrx_word' id='word_1_105' title='bbox 805 1797 924 1866; x_wconf 83' lang='lat' dir='ltr'><strong><em>ejulatu.</em></strong></span> <span class='ocrx_word' id='word_1_106' title='bbox 976 1794 1006 1850; x_wconf 92' lang='lat' dir='ltr'><strong><em>H.</em></strong></span> <span class='ocrx_word' id='word_1_107' title='bbox 1037 1794 1064 1866; x_wconf 88' lang='lat'><strong><em>1,</em></strong></span> <span class='ocrx_word' id='word_1_108' title='bbox 1090 1792 1137 1851; x_wconf 86' lang='grc'><strong><em>10.</em></strong></span> <span class='ocrx_word' id='word_1_109' title='bbox 1161 1792 1412 1867; x_wconf 78' lang='lat' dir='ltr'><strong><em>ooebiorilos&#39;pro</em></strong></span> <span class='ocrx_word' id='word_1_110' title='bbox 1436 1814 1502 1854; x_wconf 86' lang='lat' dir='ltr'><strong><em>ere-</em></strong></span> 
     </span>
     <span class='ocr_line' id='line_1_12' title="bbox 410 1892 1508 1970; baseline 0.005 -19"><span class='ocrx_word' id='word_1_111' title='bbox 410 1892 555 1952; x_wconf 75' lang='lat' dir='ltr'><strong><em>brioribus.</em></strong></span> <span class='ocrx_word' id='word_1_112' title='bbox 600 1896 630 1953; x_wconf 79' lang='lat' dir='ltr'><strong><em>(l.</em></strong></span> <span class='ocrx_word' id='word_1_113' title='bbox 654 1895 702 1953; x_wconf 91' lang='grc'><strong><em>66.</em></strong></span> <span class='ocrx_word' id='word_1_114' title='bbox 725 1906 838 1953; x_wconf 79' lang='lat' dir='ltr'><strong><em>vetusto</em></strong></span> <span class='ocrx_word' id='word_1_115' title='bbox 859 1899 1039 1970; x_wconf 83' lang='lat' dir='ltr'><strong><em>‹lipnitosque</em></strong></span> <span class='ocrx_word' id='word_1_116' title='bbox 1069 1899 1201 1954; x_wconf 86' lang='lat' dir='ltr'><strong><em>coloniae</em></strong></span> <span class='ocrx_word' id='word_1_117' title='bbox 1223 1912 1273 1969; x_wconf 86' lang='lat' dir='ltr'><strong><em>pro</em></strong></span> <span class='ocrx_word' id='word_1_118' title='bbox 1303 1906 1430 1955; x_wconf 82' lang='lat' dir='ltr'><strong><em>vetustos</em></strong></span> <span class='ocrx_word' id='word_1_119' title='bbox 1459 1902 1508 1956; x_wconf 83' lang='lat' dir='ltr'><strong><em>di-</em></strong></span> 
     </span>
     <span class='ocr_line' id='line_1_13' title="bbox 409 1998 1510 2075; baseline 0.003 -21"><span class='ocrx_word' id='word_1_120' title='bbox 409 2002 559 2072; x_wconf 73' lang='grc'><strong>96066060</strong></span> <span class='ocrx_word' id='word_1_121' title='bbox 575 2018 599 2056; x_wconf 91' lang='grc'><strong><em>0.</em></strong></span> <span class='ocrx_word' id='word_1_122' title='bbox 644 2000 673 2057; x_wconf 81' lang='grc'><strong><em>6.</em></strong></span> <span class='ocrx_word' id='word_1_123' title='bbox 698 2000 747 2055; x_wconf 86' lang='grc'><strong><em>76.</em></strong></span> <span class='ocrx_word' id='word_1_124' title='bbox 762 2000 891 2074; x_wconf 82' lang='lat' dir='ltr'><strong><em>,Vipsani</em></strong></span> <span class='ocrx_word' id='word_1_125' title='bbox 904 2018 955 2072; x_wconf 86' lang='lat' dir='ltr'><strong><em>pro</em></strong></span> <span class='ocrx_word' id='word_1_126' title='bbox 977 2002 1113 2075; x_wconf 82' lang='lat' dir='ltr'><strong><em>Vipstani.</em></strong></span> <span class='ocrx_word' id='word_1_127' title='bbox 1155 2000 1186 2056; x_wconf 90' lang='lat' dir='ltr'><strong><em>H.</em></strong></span> <span class='ocrx_word' id='word_1_128' title='bbox 1209 2000 1249 2072; x_wconf 89' lang='grc' dir='ltr'><strong><em>ΙΙ,</em></strong></span> <span class='ocrx_word' id='word_1_129' title='bbox 1274 1998 1322 2058; x_wconf 93' lang='grc'><strong><em>22.</em></strong></span> <span class='ocrx_word' id='word_1_130' title='bbox 1345 2008 1373 2057; x_wconf 84' lang='grc'><strong><em>61</em></strong></span> <span class='ocrx_word' id='word_1_131' title='bbox 1394 2004 1437 2072; x_wconf 84' lang='grc' dir='ltr'><strong><em>ΙΙ,</em></strong></span> <span class='ocrx_word' id='word_1_132' title='bbox 1461 2000 1510 2057; x_wconf 94' lang='grc'><strong><em>10.</em></strong></span> 
     </span>
     <span class='ocr_line' id='line_1_14' title="bbox 411 2102 1509 2177; baseline 0.004 -19"><span class='ocrx_word' id='word_1_133' title='bbox 411 2103 473 2158; x_wconf 79' lang='lat' dir='ltr'><strong><em>coil</em></strong></span> <span class='ocrx_word' id='word_1_134' title='bbox 495 2102 548 2162; x_wconf 80' lang='lat' dir='ltr'><strong><em>bia.</em></strong></span> <span class='ocrx_word' id='word_1_135' title='bbox 570 2104 681 2160; x_wconf 85' lang='lat' dir='ltr'><strong><em>exhibet</em></strong></span> <span class='ocrx_word' id='word_1_136' title='bbox 703 2104 800 2160; x_wconf 83' lang='lat' dir='ltr'><strong><em>redire</em></strong></span> <span class='ocrx_word' id='word_1_137' title='bbox 826 2121 877 2177; x_wconf 85' lang='lat' dir='ltr'><strong><em>pro</em></strong></span> <span class='ocrx_word' id='word_1_138' title='bbox 901 2106 1029 2175; x_wconf 83' lang='lat' dir='ltr'><strong><em>rediere,</em></strong></span> <span class='ocrx_word' id='word_1_139' title='bbox 1052 2104 1123 2160; x_wconf 87' lang='lat' dir='ltr'><strong><em>sicut</em></strong></span> <span class='ocrx_word' id='word_1_140' title='bbox 1144 2104 1175 2158; x_wconf 88' lang='lat' dir='ltr'><strong><em>H.</em></strong></span> <span class='ocrx_word' id='word_1_141' title='bbox 1197 2102 1251 2174; x_wconf 86' lang='lat' dir='ltr'><strong><em>lv,</em></strong></span> <span class='ocrx_word' id='word_1_142' title='bbox 1275 2102 1324 2158; x_wconf 92' lang='grc'><strong><em>20.</em></strong></span> <span class='ocrx_word' id='word_1_143' title='bbox 1347 2102 1429 2160; x_wconf 83' lang='lat' dir='ltr'><strong>codd.</strong></span> <span class='ocrx_word' id='word_1_144' title='bbox 1457 2106 1509 2162; x_wconf 83' lang='lat' dir='ltr'><strong><em>bie.</em></strong></span> 
     </span>
     <span class='ocr_line' id='line_1_15' title="bbox 409 2204 1505 2279; baseline 0.003 -18"><span class='ocrx_word' id='word_1_145' title='bbox 409 2205 441 2263; x_wconf 89' lang='lat' dir='ltr'><strong><em>H.</em></strong></span> <span class='ocrx_word' id='word_1_146' title='bbox 468 2208 585 2263; x_wconf 81' lang='lat' dir='ltr'><strong><em>interire</em></strong></span> <span class='ocrx_word' id='word_1_147' title='bbox 613 2223 665 2279; x_wconf 84' lang='lat' dir='ltr'><strong><em>pro</em></strong></span> <span class='ocrx_word' id='word_1_148' title='bbox 701 2210 853 2279; x_wconf 70' lang='lat' dir='ltr'><strong><em>interiere,</em></strong></span> <span class='ocrx_word' id='word_1_149' title='bbox 883 2208 914 2263; x_wconf 90' lang='lat' dir='ltr'><strong><em>H.</em></strong></span> <span class='ocrx_word' id='word_1_150' title='bbox 944 2208 997 2278; x_wconf 89' lang='grc' dir='ltr'><strong><em>ΠΙ,</em></strong></span> <span class='ocrx_word' id='word_1_151' title='bbox 1025 2206 1073 2263; x_wconf 91' lang='grc'><strong><em>80.</em></strong></span> <span class='ocrx_word' id='word_1_152' title='bbox 1098 2207 1178 2263; x_wconf 85' lang='lat' dir='ltr'><strong><em>codd.</em></strong></span> <span class='ocrx_word' id='word_1_153' title='bbox 1214 2204 1315 2264; x_wconf 86' lang='lat' dir='ltr'><strong>G.H.0.</strong></span> <span class='ocrx_word' id='word_1_154' title='bbox 1344 2208 1425 2263; x_wconf 86' lang='lat' dir='ltr'><strong><em>adire</em></strong></span> <span class='ocrx_word' id='word_1_155' title='bbox 1454 2224 1505 2279; x_wconf 84' lang='lat' dir='ltr'><strong><em>pro</em></strong></span> 
     </span>
     <span class='ocr_line' id='line_1_16' title="bbox 410 2309 1507 2383; baseline 0.003 -20"><span class='ocrx_word' id='word_1_156' title='bbox 410 2310 509 2366; x_wconf 85' lang='lat' dir='ltr'><strong><em>adiere</em></strong></span> <span class='ocrx_word' id='word_1_157' title='bbox 536 2317 566 2366; x_wconf 85' lang='lat' dir='ltr'><strong><em>el</em></strong></span> <span class='ocrx_word' id='word_1_158' title='bbox 586 2310 617 2365; x_wconf 94' lang='lat' dir='ltr'><strong><em>H.</em></strong></span> <span class='ocrx_word' id='word_1_159' title='bbox 638 2312 681 2381; x_wconf 85' lang='lat' dir='ltr'><strong><em>V,</em></strong></span> <span class='ocrx_word' id='word_1_160' title='bbox 706 2309 753 2365; x_wconf 89' lang='grc'><strong><em>15.</em></strong></span> <span class='ocrx_word' id='word_1_161' title='bbox 777 2309 840 2366; x_wconf 85' lang='grc'><strong>666.</strong></span> <span class='ocrx_word' id='word_1_162' title='bbox 862 2309 894 2369; x_wconf 90' lang='lat' dir='ltr'><strong><em>B.</em></strong></span> <span class='ocrx_word' id='word_1_163' title='bbox 924 2312 1018 2367; x_wconf 80' lang='lat' dir='ltr'><strong><em>redire</em></strong></span> <span class='ocrx_word' id='word_1_164' title='bbox 1047 2327 1098 2383; x_wconf 89' lang='lat' dir='ltr'><strong><em>pro</em></strong></span> <span class='ocrx_word' id='word_1_165' title='bbox 1121 2310 1233 2367; x_wconf 79' lang='lat' dir='ltr'><strong><em>rediere</em></strong></span> <span class='ocrx_word' id='word_1_166' title='bbox 1254 2310 1375 2381; x_wconf 72' lang='lat' dir='ltr'><strong><em>praebet.</em></strong></span> <span class='ocrx_word' id='word_1_167' title='bbox 1419 2310 1451 2365; x_wconf 95' lang='lat' dir='ltr'><strong><em>H.</em></strong></span> <span class='ocrx_word' id='word_1_168' title='bbox 1473 2310 1507 2379; x_wconf 94' lang='grc' dir='ltr'><strong><em>ΙΙ,</em></strong></span> 
     </span>
     <span class='ocr_line' id='line_1_17' title="bbox 411 2410 1504 2487; baseline 0.004 -21"><span class='ocrx_word' id='word_1_169' title='bbox 411 2410 481 2469; x_wconf 91' lang='grc'><strong>100.</strong></span> <span class='ocrx_word' id='word_1_170' title='bbox 506 2415 591 2485; x_wconf 88' lang='lat' dir='ltr'><strong><em>potui</em></strong></span> <span class='ocrx_word' id='word_1_171' title='bbox 618 2428 669 2484; x_wconf 82' lang='lat' dir='ltr'><strong><em>pro</em></strong></span> <span class='ocrx_word' id='word_1_172' title='bbox 700 2412 808 2469; x_wconf 78' lang='lat' dir='ltr'><strong><em>Potoni.</em></strong></span> <span class='ocrx_word' id='word_1_173' title='bbox 857 2414 888 2468; x_wconf 93' lang='lat' dir='ltr'><strong><em>H.</em></strong></span> <span class='ocrx_word' id='word_1_174' title='bbox 916 2412 968 2483; x_wconf 91' lang='lat' dir='ltr'><strong><em>HI,</em></strong></span> <span class='ocrx_word' id='word_1_175' title='bbox 1000 2412 1027 2470; x_wconf 82' lang='lat'><strong><em>9.</em></strong></span> <span class='ocrx_word' id='word_1_176' title='bbox 1056 2414 1198 2487; x_wconf 88' lang='lat' dir='ltr'><strong><em>Vipsonus</em></strong></span> <span class='ocrx_word' id='word_1_177' title='bbox 1225 2428 1276 2485; x_wconf 80' lang='lat' dir='ltr'><strong><em>pro</em></strong></span> <span class='ocrx_word' id='word_1_178' title='bbox 1305 2412 1455 2485; x_wconf 78' lang='lat' dir='ltr'><strong><em>Vipstanus</em></strong></span> <span class='ocrx_word' id='word_1_179' title='bbox 1478 2420 1504 2470; x_wconf 89' lang='lat' dir='ltr'><strong><em>et</em></strong></span> 
     </span>
     <span class='ocr_line' id='line_1_18' title="bbox 410 2512 1507 2590; baseline 0.001 -19"><span class='ocrx_word' id='word_1_180' title='bbox 410 2514 443 2571; x_wconf 93' lang='lat' dir='ltr'><strong><em>H.</em></strong></span> <span class='ocrx_word' id='word_1_181' title='bbox 464 2513 517 2587; x_wconf 88' lang='lat' dir='ltr'><strong><em>lv,</em></strong></span> <span class='ocrx_word' id='word_1_182' title='bbox 548 2512 597 2572; x_wconf 80' lang='grc'><strong><em>12.</em></strong></span> <span class='ocrx_word' id='word_1_183' title='bbox 629 2516 768 2589; x_wconf 73' lang='lat' dir='ltr'><strong><em>Vipsanas</em></strong></span> <span class='ocrx_word' id='word_1_184' title='bbox 797 2532 847 2589; x_wconf 86' lang='lat' dir='ltr'><strong><em>pro</em></strong></span> <span class='ocrx_word' id='word_1_185' title='bbox 882 2518 1041 2590; x_wconf 84' lang='lat' dir='ltr'><strong><em>Vipstanus.</em></strong></span> <span class='ocrx_word' id='word_1_186' title='bbox 1094 2516 1125 2574; x_wconf 82' lang='lat' dir='ltr'><strong><em>H,</em></strong></span> <span class='ocrx_word' id='word_1_187' title='bbox 1155 2516 1208 2587; x_wconf 93' lang='grc' dir='ltr'>ΙΙΙ,</span> <span class='ocrx_word' id='word_1_188' title='bbox 1239 2514 1287 2570; x_wconf 79' lang='grc'><strong><em>12.</em></strong></span> <span class='ocrx_word' id='word_1_189' title='bbox 1315 2518 1430 2572; x_wconf 83' lang='lat' dir='ltr'><strong><em>inrecta</em></strong></span> <span class='ocrx_word' id='word_1_190' title='bbox 1457 2532 1507 2588; x_wconf 82' lang='lat' dir='ltr'><strong><em>pro</em></strong></span> 
     </span>
     <span class='ocr_line' id='line_1_19' title="bbox 409 2615 1508 2691; baseline 0.002 -18"><span class='ocrx_word' id='word_1_191' title='bbox 409 2618 545 2676; x_wconf 81' lang='lat' dir='ltr'><strong><em>infracta.</em></strong></span> <span class='ocrx_word' id='word_1_192' title='bbox 597 2617 627 2676; x_wconf 82' lang='grc'><strong><em>0.</em></strong></span> <span class='ocrx_word' id='word_1_193' title='bbox 652 2618 700 2674; x_wconf 90' lang='grc'><strong><em>52.</em></strong></span> <span class='ocrx_word' id='word_1_194' title='bbox 723 2636 761 2675; x_wconf 81' lang='lat' dir='ltr'><strong><em>ee</em></strong></span> <span class='ocrx_word' id='word_1_195' title='bbox 789 2628 875 2675; x_wconf 84' lang='lat' dir='ltr'><strong><em>ventu</em></strong></span> <span class='ocrx_word' id='word_1_196' title='bbox 905 2634 956 2691; x_wconf 88' lang='lat' dir='ltr'><strong><em>pro</em></strong></span> <span class='ocrx_word' id='word_1_197' title='bbox 989 2637 1025 2676; x_wconf 84' lang='lat' dir='ltr'><strong><em>ea</em></strong></span> <span class='ocrx_word' id='word_1_198' title='bbox 1053 2627 1163 2676; x_wconf 83' lang='lat' dir='ltr'><strong><em>eventu.</em></strong></span> <span class='ocrx_word' id='word_1_199' title='bbox 1215 2616 1244 2674; x_wconf 83' lang='grc'><strong><em>0.</em></strong></span> <span class='ocrx_word' id='word_1_200' title='bbox 1268 2615 1317 2675; x_wconf 87' lang='grc'><strong><em>68.</em></strong></span> <span class='ocrx_word' id='word_1_201' title='bbox 1334 2620 1434 2689; x_wconf 79' lang='lat' dir='ltr'><strong><em>jurari</em></strong></span> <span class='ocrx_word' id='word_1_202' title='bbox 1458 2636 1508 2691; x_wconf 84' lang='lat' dir='ltr'><strong><em>pro</em></strong></span> 
     </span>
    </p>
   </div>
   <div class='ocr_carea' id='block_1_5' title="bbox 397 2722 1600 2798">
    <p class='ocr_par' dir='ltr' id='par_1_5' title="bbox 397 2722 1600 2798">
     <span class='ocr_line' id='line_1_20' title="bbox 397 2722 1600 2798; baseline 0 -20"><span class='ocrx_word' id='word_1_203' title='bbox 397 2723 528 2795; x_wconf 67' lang='lat' dir='ltr'><strong><em>eiurari.</em></strong></span> <span class='ocrx_word' id='word_1_204' title='bbox 573 2722 602 2779; x_wconf 86' lang='grc'><strong><em>0.</em></strong></span> <span class='ocrx_word' id='word_1_205' title='bbox 628 2722 675 2779; x_wconf 89' lang='grc'><strong><em>76.</em></strong></span> <span class='ocrx_word' id='word_1_206' title='bbox 695 2724 848 2797; x_wconf 83' lang='lat' dir='ltr'><strong><em>polliooris</em></strong></span> <span class='ocrx_word' id='word_1_207' title='bbox 876 2738 927 2795; x_wconf 82' lang='lat' dir='ltr'><strong><em>pro</em></strong></span> <span class='ocrx_word' id='word_1_208' title='bbox 957 2722 1140 2797; x_wconf 78' lang='lat' dir='ltr'><strong><em>Apollinaris.</em></strong></span> <span class='ocrx_word' id='word_1_209' title='bbox 1194 2722 1223 2780; x_wconf 89' lang='grc'><strong><em>0.</em></strong></span> <span class='ocrx_word' id='word_1_210' title='bbox 1247 2722 1296 2779; x_wconf 88' lang='grc'><strong><em>83.</em></strong></span> <span class='ocrx_word' id='word_1_211' title='bbox 1320 2724 1371 2780; x_wconf 88' lang='lat' dir='ltr'><strong><em>alii</em></strong></span> <span class='ocrx_word' id='word_1_212' title='bbox 1395 2724 1508 2798; x_wconf 78' lang='lat' dir='ltr'><strong><em>proelio</em></strong></span> <span class='ocrx_word' id='word_1_213' title='bbox 1599 2764 1600 2786; x_wconf 71' lang='lat'><strong><em>.</em></strong></span> 
     </span>
    </p>
   </div>
   <div class='ocr_carea' id='block_1_6' title="bbox 404 2825 1507 3825">
    <p class='ocr_par' dir='ltr' id='par_1_6' title="bbox 404 2825 1507 3825">
     <span class='ocr_line' id='line_1_21' title="bbox 408 2825 1507 2901; baseline -0.001 -19"><span class='ocrx_word' id='word_1_214' title='bbox 408 2841 460 2898; x_wconf 89' lang='lat' dir='ltr'><strong><em>pro</em></strong></span> <span class='ocrx_word' id='word_1_215' title='bbox 484 2826 555 2883; x_wconf 84' lang='lat' dir='ltr'><strong><em>alibi</em></strong></span> <span class='ocrx_word' id='word_1_216' title='bbox 577 2828 698 2900; x_wconf 86' lang='lat' dir='ltr'><strong><em>proelia.</em></strong></span> <span class='ocrx_word' id='word_1_217' title='bbox 741 2825 773 2882; x_wconf 93' lang='lat' dir='ltr'><strong>H.</strong></span> <span class='ocrx_word' id='word_1_218' title='bbox 795 2827 848 2898; x_wconf 89' lang='lat' dir='ltr'><strong><em>lv,</em></strong></span> <span class='ocrx_word' id='word_1_219' title='bbox 881 2825 930 2882; x_wconf 86' lang='lat'><strong><em>20.</em></strong></span> <span class='ocrx_word' id='word_1_220' title='bbox 952 2835 1086 2901; x_wconf 76' lang='lat' dir='ltr'><strong><em>rumpunt</em></strong></span> <span class='ocrx_word' id='word_1_221' title='bbox 1114 2843 1164 2899; x_wconf 87' lang='lat' dir='ltr'><strong><em>pro</em></strong></span> <span class='ocrx_word' id='word_1_222' title='bbox 1195 2829 1365 2899; x_wconf 82' lang='lat' dir='ltr'><strong><em>erumpunt&#39;</em></strong></span> <span class='ocrx_word' id='word_1_223' title='bbox 1397 2825 1426 2883; x_wconf 84' lang='lat' dir='ltr'><strong><em>(l.</em></strong></span> <span class='ocrx_word' id='word_1_224' title='bbox 1459 2827 1507 2882; x_wconf 84' lang='lat'><strong><em>25.</em></strong></span> 
     </span>
     <span class='ocr_line' id='line_1_22' title="bbox 411 2928 1503 3004; baseline 0 -20"><span class='ocrx_word' id='word_1_225' title='bbox 411 2933 505 2985; x_wconf 86' lang='lat' dir='ltr'><strong><em>armai</em></strong></span> <span class='ocrx_word' id='word_1_226' title='bbox 525 2945 578 3001; x_wconf 87' lang='lat' dir='ltr'><strong><em>pro</em></strong></span> <span class='ocrx_word' id='word_1_227' title='bbox 600 2932 714 2985; x_wconf 81' lang='lat' dir='ltr'><strong><em>ormari.</em></strong></span> <span class='ocrx_word' id='word_1_228' title='bbox 760 2929 790 2986; x_wconf 81' lang='lat'><strong><em>0.</em></strong></span> <span class='ocrx_word' id='word_1_229' title='bbox 814 2929 863 2986; x_wconf 87' lang='grc'><strong><em>69.</em></strong></span> <span class='ocrx_word' id='word_1_230' title='bbox 881 2931 1014 3004; x_wconf 84' lang='lat' dir='ltr'><strong><em>periuria</em></strong></span> <span class='ocrx_word' id='word_1_231' title='bbox 1036 2947 1086 3002; x_wconf 83' lang='lat' dir='ltr'><strong><em>pro</em></strong></span> <span class='ocrx_word' id='word_1_232' title='bbox 1099 2948 1153 3004; x_wconf 81' lang='lat' dir='ltr'><strong><em>per</em></strong></span> <span class='ocrx_word' id='word_1_233' title='bbox 1170 2931 1276 3000; x_wconf 80' lang='lat' dir='ltr'><strong><em>iurgio.</em></strong></span> <span class='ocrx_word' id='word_1_234' title='bbox 1321 2929 1351 2985; x_wconf 85' lang='lat' dir='ltr'><strong><em>c.</em></strong></span> <span class='ocrx_word' id='word_1_235' title='bbox 1375 2930 1423 2986; x_wconf 86' lang='grc'><strong><em>70.</em></strong></span> <span class='ocrx_word' id='word_1_236' title='bbox 1448 2928 1503 2984; x_wconf 87' lang='lat' dir='ltr'><strong><em>ob-</em></strong></span> 
     </span>
     <span class='ocr_line' id='line_1_23' title="bbox 410 3031 1506 3105; baseline 0 -17"><span class='ocrx_word' id='word_1_237' title='bbox 410 3049 518 3089; x_wconf 78' lang='lat' dir='ltr'><strong><em>sessore</em></strong></span> <span class='ocrx_word' id='word_1_238' title='bbox 547 3049 598 3104; x_wconf 85' lang='lat' dir='ltr'><strong><em>pro</em></strong></span> <span class='ocrx_word' id='word_1_239' title='bbox 628 3031 800 3089; x_wconf 80' lang='lat' dir='ltr'><strong><em>abscessere.</em></strong></span> <span class='ocrx_word' id='word_1_240' title='bbox 845 3031 874 3089; x_wconf 82' lang='grc'><strong><em>0.</em></strong></span> <span class='ocrx_word' id='word_1_241' title='bbox 901 3031 948 3088; x_wconf 88' lang='grc'><strong><em>72.</em></strong></span> <span class='ocrx_word' id='word_1_242' title='bbox 971 3034 1054 3090; x_wconf 85' lang='grc'><strong>160116</strong></span> <span class='ocrx_word' id='word_1_243' title='bbox 1078 3031 1159 3088; x_wconf 83' lang='lat' dir='ltr'><strong>codd.</strong></span> <span class='ocrx_word' id='word_1_244' title='bbox 1189 3031 1240 3088; x_wconf 80' lang='lat' dir='ltr'><strong><em>bis.</em></strong></span> <span class='ocrx_word' id='word_1_245' title='bbox 1262 3031 1292 3088; x_wconf 92' lang='lat' dir='ltr'><strong><em>B.</em></strong></span> <span class='ocrx_word' id='word_1_246' title='bbox 1323 3033 1414 3088; x_wconf 84' lang='grc'><strong>6166.</strong></span> <span class='ocrx_word' id='word_1_247' title='bbox 1438 3033 1506 3105; x_wconf 82' lang='lat' dir='ltr'><strong><em>spir.</em></strong></span> 
     </span>
     <span class='ocr_line' id='line_1_24' title="bbox 410 3135 1500 3208; baseline -0.001 -17"><span class='ocrx_word' id='word_1_248' title='bbox 410 3136 585 3192; x_wconf 87' lang='lat' dir='ltr'><strong><em>consultatio</em></strong></span> <span class='ocrx_word' id='word_1_249' title='bbox 608 3135 742 3208; x_wconf 87' lang='lat' dir='ltr'><strong><em>originem</em></strong></span> <span class='ocrx_word' id='word_1_250' title='bbox 765 3135 837 3208; x_wconf 87' lang='lat' dir='ltr'><strong><em>oepit</em></strong></span> <span class='ocrx_word' id='word_1_251' title='bbox 859 3151 895 3192; x_wconf 84' lang='lat' dir='ltr'><strong><em>ex</em></strong></span> <span class='ocrx_word' id='word_1_252' title='bbox 918 3137 1050 3208; x_wconf 79' lang='lat' dir='ltr'><strong><em>scripturo</em></strong></span> <span class='ocrx_word' id='word_1_253' title='bbox 1073 3137 1262 3192; x_wconf 84' lang='lat' dir='ltr'><strong><em>eonsulalotio</em></strong></span> <span class='ocrx_word' id='word_1_254' title='bbox 1285 3151 1336 3208; x_wconf 85' lang='lat' dir='ltr'><strong><em>pro</em></strong></span> <span class='ocrx_word' id='word_1_255' title='bbox 1360 3137 1500 3192; x_wconf 85' lang='lat' dir='ltr'><strong><em>consolo-</em></strong></span> 
     </span>
     <span class='ocr_line' id='line_1_25' title="bbox 411 3237 1504 3310; baseline 0 -16"><span class='ocrx_word' id='word_1_256' title='bbox 411 3240 490 3295; x_wconf 91' lang='lat' dir='ltr'><strong><em>tatio.</em></strong></span> <span class='ocrx_word' id='word_1_257' title='bbox 534 3237 565 3294; x_wconf 88' lang='lat' dir='ltr'><strong>H.</strong></span> <span class='ocrx_word' id='word_1_258' title='bbox 587 3241 631 3310; x_wconf 89' lang='lat' dir='ltr'><strong><em>V,</em></strong></span> <span class='ocrx_word' id='word_1_259' title='bbox 656 3237 704 3295; x_wconf 91' lang='grc'><strong><em>10.</em></strong></span> <span class='ocrx_word' id='word_1_260' title='bbox 726 3239 806 3295; x_wconf 88' lang='lat' dir='ltr'><strong><em>utilis</em></strong></span> <span class='ocrx_word' id='word_1_261' title='bbox 832 3255 884 3310; x_wconf 90' lang='lat' dir='ltr'><strong><em>pro</em></strong></span> <span class='ocrx_word' id='word_1_262' title='bbox 914 3239 1018 3295; x_wconf 87' lang='lat' dir='ltr'><strong><em>utilius.</em></strong></span> <span class='ocrx_word' id='word_1_263' title='bbox 1063 3239 1093 3296; x_wconf 82' lang='grc'><strong><em>6.</em></strong></span> <span class='ocrx_word' id='word_1_264' title='bbox 1117 3237 1167 3295; x_wconf 92' lang='grc'><strong><em>25.</em></strong></span> <span class='ocrx_word' id='word_1_265' title='bbox 1189 3239 1272 3294; x_wconf 88' lang='grc'><strong>166116</strong></span> <span class='ocrx_word' id='word_1_266' title='bbox 1296 3237 1377 3295; x_wconf 89' lang='grc'><strong>0666.</strong></span> <span class='ocrx_word' id='word_1_267' title='bbox 1400 3239 1453 3295; x_wconf 83' lang='lat' dir='ltr'><strong><em>bio.</em></strong></span> <span class='ocrx_word' id='word_1_268' title='bbox 1474 3237 1504 3294; x_wconf 91' lang='lat' dir='ltr'><strong><em>B.</em></strong></span> 
     </span>
     <span class='ocr_line' id='line_1_26' title="bbox 408 3321 1457 3415; baseline -0.001 -17"><span class='ocrx_word' id='word_1_269' title='bbox 408 3342 491 3414; x_wconf 74' lang='lat' dir='ltr'><strong><em>fures</em></strong></span> <span class='ocrx_word' id='word_1_270' title='bbox 513 3358 550 3398; x_wconf 82' lang='lat' dir='ltr'><strong><em>ex</em></strong></span> <span class='ocrx_word' id='word_1_271' title='bbox 572 3348 699 3414; x_wconf 77' lang='lat' dir='ltr'><strong><em>corrupta</em></strong></span> <span class='ocrx_word' id='word_1_272' title='bbox 721 3343 854 3414; x_wconf 81' lang='lat' dir='ltr'><strong><em>scriptura</em></strong></span> <span class='ocrx_word' id='word_1_273' title='bbox 872 3358 963 3414; x_wconf 84' lang='lat' dir='ltr'><strong><em>pures</em></strong></span> <span class='ocrx_word' id='word_1_274' title='bbox 985 3357 1036 3414; x_wconf 84' lang='lat' dir='ltr'><strong><em>pro</em></strong></span> <span class='ocrx_word' id='word_1_275' title='bbox 1055 3342 1153 3415; x_wconf 88' lang='lat' dir='ltr'><strong><em>plures</em></strong></span> <span class='ocrx_word' id='word_1_276' title='bbox 1176 3350 1236 3398; x_wconf 79' lang='lat' dir='ltr'><strong><em>orte</em></strong></span> <span class='ocrx_word' id='word_1_277' title='bbox 1258 3359 1321 3398; x_wconf 84' lang='lat' dir='ltr'><strong><em>esse</em></strong></span> <span class='ocrx_word' id='word_1_278' title='bbox 1342 3321 1457 3398; x_wconf 82' lang='lat' dir='ltr'><strong><em>videtur.</em></strong></span> 
     </span>
     <span class='ocr_line' id='line_1_27' title="bbox 511 3438 1506 3518; baseline 0 -18"><span class='ocrx_word' id='word_1_279' title='bbox 511 3444 570 3501; x_wconf 84' lang='lat' dir='ltr'><strong><em>lam</em></strong></span> <span class='ocrx_word' id='word_1_280' title='bbox 581 3461 649 3502; x_wconf 78' lang='lat' dir='ltr'><strong><em>vero</em></strong></span> <span class='ocrx_word' id='word_1_281' title='bbox 662 3452 810 3517; x_wconf 79' lang='lat' dir='ltr'><strong><em>sequuntur</em></strong></span> <span class='ocrx_word' id='word_1_282' title='bbox 825 3445 950 3518; x_wconf 77' lang='lat' dir='ltr'><strong><em>exemplo</em></strong></span> <span class='ocrx_word' id='word_1_283' title='bbox 971 3445 1107 3502; x_wconf 79' lang='lat' dir='ltr'><strong><em>literarum</em></strong></span> <span class='ocrx_word' id='word_1_284' title='bbox 1129 3445 1239 3517; x_wconf 82' lang='lat' dir='ltr'><strong><em>insuper</em></strong></span> <span class='ocrx_word' id='word_1_285' title='bbox 1254 3445 1402 3502; x_wconf 79' lang='lat' dir='ltr'><strong><em>additarum</em></strong></span> <span class='ocrx_word' id='word_1_286' title='bbox 1427 3438 1506 3509; x_wconf 76' lang='lat'><strong>²⁹²).</strong></span> 
     </span>
     <span class='ocr_line' id='line_1_28' title="bbox 410 3544 1506 3619; baseline 0 -17"><span class='ocrx_word' id='word_1_287' title='bbox 410 3544 444 3603; x_wconf 82' lang='lat' dir='ltr'><strong>A</strong></span> <span class='ocrx_word' id='word_1_288' title='bbox 464 3546 494 3617; x_wconf 89' lang='lat'><strong><em>1,</em></strong></span> <span class='ocrx_word' id='word_1_289' title='bbox 518 3546 547 3604; x_wconf 84' lang='grc'><strong><em>3.</em></strong></span> <span class='ocrx_word' id='word_1_290' title='bbox 576 3548 712 3605; x_wconf 76' lang='lat' dir='ltr'><strong><em>dormires</em></strong></span> <span class='ocrx_word' id='word_1_291' title='bbox 740 3564 792 3619; x_wconf 84' lang='lat' dir='ltr'><strong><em>pro</em></strong></span> <span class='ocrx_word' id='word_1_292' title='bbox 820 3549 896 3604; x_wconf 75' lang='grc'><strong>60001</strong></span> <span class='ocrx_word' id='word_1_293' title='bbox 921 3565 976 3606; x_wconf 84' lang='lat' dir='ltr'><strong><em>ras.</em></strong></span> <span class='ocrx_word' id='word_1_294' title='bbox 1028 3546 1056 3602; x_wconf 80' lang='lat'><strong><em>0.</em></strong></span> <span class='ocrx_word' id='word_1_295' title='bbox 1088 3545 1137 3602; x_wconf 78' lang='lat' dir='ltr'><strong>ot.</strong></span> <span class='ocrx_word' id='word_1_296' title='bbox 1167 3553 1196 3602; x_wconf 90' lang='lat' dir='ltr'><strong><em>et</em></strong></span> <span class='ocrx_word' id='word_1_297' title='bbox 1222 3547 1253 3603; x_wconf 90' lang='lat' dir='ltr'><strong>H.</strong></span> <span class='ocrx_word' id='word_1_298' title='bbox 1283 3547 1335 3618; x_wconf 85' lang='grc' dir='ltr'>ΙΙΙ,</span> <span class='ocrx_word' id='word_1_299' title='bbox 1367 3548 1416 3604; x_wconf 89' lang='grc'><strong><em>65.</em></strong></span> <span class='ocrx_word' id='word_1_300' title='bbox 1439 3554 1506 3604; x_wconf 83' lang='lat' dir='ltr'><strong><em>extr.</em></strong></span> 
     </span>
     <span class='ocr_line' id='line_1_29' title="bbox 404 3642 1506 3724; baseline 0.001 -21"><span class='ocrx_word' id='word_1_301' title='bbox 404 3650 539 3724; x_wconf 80' lang='lat' dir='ltr'><strong><em>proprios</em></strong></span> <span class='ocrx_word' id='word_1_302' title='bbox 565 3663 617 3720; x_wconf 78' lang='lat' dir='ltr'><strong><em>pso</em></strong></span> <span class='ocrx_word' id='word_1_303' title='bbox 644 3642 771 3722; x_wconf 76' lang='lat' dir='ltr'><strong><em>propior.</em></strong></span> <span class='ocrx_word' id='word_1_304' title='bbox 810 3648 848 3709; x_wconf 85' lang='lat' dir='ltr'><strong><em>A.</em></strong></span> <span class='ocrx_word' id='word_1_305' title='bbox 870 3649 900 3720; x_wconf 87' lang='grc' dir='ltr'><strong><em>Ι,</em></strong></span> <span class='ocrx_word' id='word_1_306' title='bbox 924 3649 972 3704; x_wconf 77' lang='lat' dir='ltr'><strong><em>ti.</em></strong></span> <span class='ocrx_word' id='word_1_307' title='bbox 995 3647 1145 3706; x_wconf 78' lang='lat' dir='ltr'><strong><em>subninius</em></strong></span> <span class='ocrx_word' id='word_1_308' title='bbox 1173 3655 1224 3721; x_wconf 84' lang='lat' dir='ltr'><strong><em>pro</em></strong></span> <span class='ocrx_word' id='word_1_309' title='bbox 1247 3647 1400 3722; x_wconf 71' lang='lat' dir='ltr'><strong><em>subnisus,</em></strong></span> <span class='ocrx_word' id='word_1_310' title='bbox 1423 3655 1452 3705; x_wconf 84' lang='lat' dir='ltr'><strong><em>ui</em></strong></span> <span class='ocrx_word' id='word_1_311' title='bbox 1472 3647 1506 3704; x_wconf 89' lang='lat' dir='ltr'><strong><em>A.</em></strong></span> 
     </span>
     <span class='ocr_line' id='line_1_30' title="bbox 407 3729 1502 3825; baseline 0.001 -18"><span class='ocrx_word' id='word_1_312' title='bbox 407 3752 462 3823; x_wconf 80' lang='lat' dir='ltr'><strong><em>IV,</em></strong></span> <span class='ocrx_word' id='word_1_313' title='bbox 485 3749 536 3807; x_wconf 91' lang='grc'><strong><em>60.</em></strong></span> <span class='ocrx_word' id='word_1_314' title='bbox 559 3752 690 3807; x_wconf 79' lang='lat' dir='ltr'><strong><em>caninius</em></strong></span> <span class='ocrx_word' id='word_1_315' title='bbox 717 3767 768 3823; x_wconf 78' lang='lat' dir='ltr'><strong><em>pro</em></strong></span> <span class='ocrx_word' id='word_1_316' title='bbox 791 3766 946 3808; x_wconf 72' lang='lat' dir='ltr'><strong><em>connexus.</em></strong></span> <span class='ocrx_word' id='word_1_317' title='bbox 990 3749 1023 3809; x_wconf 93' lang='lat' dir='ltr'><strong><em>A.</em></strong></span> <span class='ocrx_word' id='word_1_318' title='bbox 1046 3751 1072 3824; x_wconf 91' lang='grc' dir='ltr'><strong><em>Ι,</em></strong></span> <span class='ocrx_word' id='word_1_319' title='bbox 1096 3749 1145 3808; x_wconf 77' lang='lat' dir='ltr'><strong><em>ob.</em></strong></span> <span class='ocrx_word' id='word_1_320' title='bbox 1168 3749 1292 3810; x_wconf 81' lang='lat' dir='ltr'><strong><em>liberare</em></strong></span> <span class='ocrx_word' id='word_1_321' title='bbox 1313 3769 1365 3825; x_wconf 85' lang='lat' dir='ltr'><strong><em>pro</em></strong></span> <span class='ocrx_word' id='word_1_322' title='bbox 1389 3729 1502 3810; x_wconf 79' lang='lat' dir='ltr'><strong><em>librare.</em></strong></span> 
     </span>
    </p>
   </div>
   <div class='ocr_carea' id='block_1_7' title="bbox 407 3918 640 3932">
    <p class='ocr_par' dir='ltr' id='par_1_7' title="bbox 407 3918 640 3932">
     <span class='ocr_line' id='line_1_31' title="bbox 407 3918 640 3932; baseline -0.009 0"><span class='ocrx_word' id='word_1_323' title='bbox 407 3918 640 3932; x_wconf 46' lang='lat' dir='ltr'><strong><em>’‘k-*tm</em></strong></span> 
     </span>
    </p>
   </div>
   <div class='ocr_carea' id='block_1_8' title="bbox 441 4067 1503 4138">
    <p class='ocr_par' dir='ltr' id='par_1_8' title="bbox 441 4067 1503 4138">
     <span class='ocr_line' id='line_1_32' title="bbox 441 4067 1503 4138; baseline -0.002 -14"><span class='ocrx_word' id='word_1_324' title='bbox 441 4067 489 4134; x_wconf 82' lang='lat'><strong><em>29)</em></strong></span> <span class='ocrx_word' id='word_1_325' title='bbox 506 4069 529 4122; x_wconf 84' lang='lat' dir='ltr'><strong>E</strong></span> <span class='ocrx_word' id='word_1_326' title='bbox 547 4071 802 4136; x_wconf 64' lang='lat' dir='ltr'><strong><em>contrasteterit,</em></strong></span> <span class='ocrx_word' id='word_1_327' title='bbox 818 4071 863 4135; x_wconf 85' lang='grc'><strong>68,</strong></span> <span class='ocrx_word' id='word_1_328' title='bbox 877 4071 905 4124; x_wconf 89' lang='grc'><strong><em>8.</em></strong></span> <span class='ocrx_word' id='word_1_329' title='bbox 923 4072 982 4124; x_wconf 87' lang='grc'><strong>666.</strong></span> <span class='ocrx_word' id='word_1_330' title='bbox 1002 4071 1139 4123; x_wconf 81' lang='lat' dir='ltr'><strong><em>Thuaneus</em></strong></span> <span class='ocrx_word' id='word_1_331' title='bbox 1163 4087 1233 4121; x_wconf 85' lang='lat' dir='ltr'><strong><em>auno</em></strong></span> <span class='ocrx_word' id='word_1_332' title='bbox 1250 4087 1299 4138; x_wconf 85' lang='lat' dir='ltr'><strong><em>pro</em></strong></span> <span class='ocrx_word' id='word_1_333' title='bbox 1317 4087 1372 4121; x_wconf 87' lang='lat' dir='ltr'><strong><em>uno</em></strong></span> <span class='ocrx_word' id='word_1_334' title='bbox 1390 4069 1503 4123; x_wconf 83' lang='lat' dir='ltr'><strong><em>exhibet.</em></strong></span> 
     </span>
    </p>
   </div>
   <div class='ocr_carea' id='block_1_9' title="bbox 441 4154 1505 4571">
    <p class='ocr_par' dir='ltr' id='par_1_9' title="bbox 441 4154 1505 4482">
     <span class='ocr_line' id='line_1_33' title="bbox 441 4154 1500 4225; baseline 0 -18"><span class='ocrx_word' id='word_1_335' title='bbox 441 4154 507 4220; x_wconf 89' lang='grc'><strong>296)</strong></span> <span class='ocrx_word' id='word_1_336' title='bbox 526 4156 571 4208; x_wconf 84' lang='grc'><strong><em>810</em></strong></span> <span class='ocrx_word' id='word_1_337' title='bbox 589 4157 662 4208; x_wconf 77' lang='lat' dir='ltr'><strong><em>Vere.</em></strong></span> <span class='ocrx_word' id='word_1_338' title='bbox 682 4157 715 4208; x_wconf 85' lang='grc'><strong><em>66</em></strong></span> <span class='ocrx_word' id='word_1_339' title='bbox 732 4157 762 4211; x_wconf 88' lang='lat'><strong><em>1..</em></strong></span> <span class='ocrx_word' id='word_1_340' title='bbox 778 4157 809 4210; x_wconf 88' lang='lat' dir='ltr'><strong><em>L.</em></strong></span> <span class='ocrx_word' id='word_1_341' title='bbox 825 4174 853 4224; x_wconf 91' lang='lat' dir='ltr'><strong><em>p.</em></strong></span> <span class='ocrx_word' id='word_1_342' title='bbox 868 4157 913 4214; x_wconf 88' lang='grc'><strong><em>82.</em></strong></span> <span class='ocrx_word' id='word_1_343' title='bbox 932 4158 975 4214; x_wconf 82' lang='grc'><strong><em>66.</em></strong></span> <span class='ocrx_word' id='word_1_344' title='bbox 992 4158 1050 4225; x_wconf 91' lang='lat' dir='ltr'><strong><em>Bip.</em></strong></span> <span class='ocrx_word' id='word_1_345' title='bbox 1068 4158 1119 4210; x_wconf 89' lang='lat' dir='ltr'><strong>Vll.</strong></span> <span class='ocrx_word' id='word_1_346' title='bbox 1144 4157 1172 4219; x_wconf 76' lang='lat'><strong><em>§.</em></strong></span> <span class='ocrx_word' id='word_1_347' title='bbox 1191 4155 1233 4208; x_wconf 90' lang='grc'><strong><em>11.</em></strong></span> <span class='ocrx_word' id='word_1_348' title='bbox 1252 4155 1294 4208; x_wconf 90' lang='grc'><strong><em>66.</em></strong></span> <span class='ocrx_word' id='word_1_349' title='bbox 1313 4156 1402 4212; x_wconf 76' lang='lat' dir='ltr'><strong><em>bineli.</em></strong></span> <span class='ocrx_word' id='word_1_350' title='bbox 1421 4155 1500 4207; x_wconf 88' lang='grc'><strong>6666.</strong></span> 
     </span>
     <span class='ocr_line' id='line_1_34' title="bbox 462 4239 1503 4311; baseline 0.004 -19"><span class='ocrx_word' id='word_1_351' title='bbox 462 4275 465 4285; x_wconf 82' lang='lat'>·</span> <span class='ocrx_word' id='word_1_352' title='bbox 491 4241 524 4294; x_wconf 86' lang='lat' dir='ltr'><strong><em>F.</em></strong></span> <span class='ocrx_word' id='word_1_353' title='bbox 542 4239 572 4295; x_wconf 86' lang='lat' dir='ltr'><strong><em>G.</em></strong></span> <span class='ocrx_word' id='word_1_354' title='bbox 589 4241 619 4294; x_wconf 87' lang='grc' dir='ltr'><strong><em>ΙΙ.</em></strong></span> <span class='ocrx_word' id='word_1_355' title='bbox 647 4241 744 4294; x_wconf 75' lang='lat' dir='ltr'><strong><em>babent</em></strong></span> <span class='ocrx_word' id='word_1_356' title='bbox 765 4246 858 4296; x_wconf 69' lang='lat' dir='ltr'><strong><em>caenis</em></strong></span> <span class='ocrx_word' id='word_1_357' title='bbox 881 4260 929 4311; x_wconf 88' lang='lat' dir='ltr'><strong><em>pro</em></strong></span> <span class='ocrx_word' id='word_1_358' title='bbox 954 4247 1046 4308; x_wconf 78' lang='lat' dir='ltr'><strong><em>costis,</em></strong></span> <span class='ocrx_word' id='word_1_359' title='bbox 1069 4241 1289 4306; x_wconf 73' lang='grc'><strong>6111611161111,</strong></span> <span class='ocrx_word' id='word_1_360' title='bbox 1313 4242 1362 4306; x_wconf 76' lang='lat' dir='ltr'><strong><em>ii,</em></strong></span> <span class='ocrx_word' id='word_1_361' title='bbox 1380 4240 1407 4294; x_wconf 89' lang='grc'><strong><em>6.</em></strong></span> <span class='ocrx_word' id='word_1_362' title='bbox 1426 4241 1503 4296; x_wconf 82' lang='lat' dir='ltr'><strong>codd.</strong></span> 
     </span>
     <span class='ocr_line' id='line_1_35' title="bbox 495 4324 1502 4396; baseline -0.001 -18"><span class='ocrx_word' id='word_1_363' title='bbox 495 4324 677 4383; x_wconf 65' lang='grc'><strong>1661116</strong></span> <span class='ocrx_word' id='word_1_364' title='bbox 699 4337 786 4380; x_wconf 82' lang='lat' dir='ltr'><strong><em>austra</em></strong></span> <span class='ocrx_word' id='word_1_365' title='bbox 809 4345 857 4396; x_wconf 85' lang='lat' dir='ltr'><strong><em>pro</em></strong></span> <span class='ocrx_word' id='word_1_366' title='bbox 876 4330 927 4380; x_wconf 87' lang='lat' dir='ltr'><strong><em>ilio</em></strong></span> <span class='ocrx_word' id='word_1_367' title='bbox 944 4339 1027 4386; x_wconf 84' lang='lat' dir='ltr'><strong><em>easta.</em></strong></span> <span class='ocrx_word' id='word_1_368' title='bbox 1067 4331 1096 4382; x_wconf 87' lang='lat' dir='ltr'><strong><em>ln</em></strong></span> <span class='ocrx_word' id='word_1_369' title='bbox 1126 4329 1223 4382; x_wconf 87' lang='grc'><strong>066166</strong></span> <span class='ocrx_word' id='word_1_370' title='bbox 1242 4329 1370 4380; x_wconf 77' lang='lat' dir='ltr'><strong><em>Vossieno</em></strong></span> <span class='ocrx_word' id='word_1_371' title='bbox 1386 4328 1417 4380; x_wconf 85' lang='lat' dir='ltr'><strong><em>R.</em></strong></span> <span class='ocrx_word' id='word_1_372' title='bbox 1430 4327 1502 4378; x_wconf 81' lang='lat' dir='ltr'><strong><em>biert.</em></strong></span> 
     </span>
     <span class='ocr_line' id='line_1_36' title="bbox 492 4411 1505 4482; baseline 0.002 -18"><span class='ocrx_word' id='word_1_373' title='bbox 492 4412 541 4478; x_wconf 82' lang='lat' dir='ltr'><strong><em>vi,</em></strong></span> <span class='ocrx_word' id='word_1_374' title='bbox 559 4412 609 4479; x_wconf 75' lang='lat'><strong><em>³4,</em></strong></span> <span class='ocrx_word' id='word_1_375' title='bbox 626 4414 651 4467; x_wconf 83' lang='grc'><strong><em>7.</em></strong></span> <span class='ocrx_word' id='word_1_376' title='bbox 670 4423 791 4466; x_wconf 74' lang='grc'><strong>66061616</strong></span> <span class='ocrx_word' id='word_1_377' title='bbox 800 4432 848 4481; x_wconf 77' lang='lat' dir='ltr'><strong><em>pio</em></strong></span> <span class='ocrx_word' id='word_1_378' title='bbox 862 4425 973 4468; x_wconf 72' lang='lat' dir='ltr'><strong><em>exorata</em></strong></span> <span class='ocrx_word' id='word_1_379' title='bbox 992 4424 1017 4467; x_wconf 90' lang='grc'><strong><em>61</em></strong></span> <span class='ocrx_word' id='word_1_380' title='bbox 1034 4416 1066 4480; x_wconf 89' lang='grc' dir='ltr'><strong><em>ΙΙ,</em></strong></span> <span class='ocrx_word' id='word_1_381' title='bbox 1079 4413 1121 4480; x_wconf 83' lang='grc'><strong><em>11,</em></strong></span> <span class='ocrx_word' id='word_1_382' title='bbox 1135 4413 1159 4469; x_wconf 87' lang='grc'><strong><em>2.</em></strong></span> <span class='ocrx_word' id='word_1_383' title='bbox 1175 4418 1308 4482; x_wconf 74' lang='lat' dir='ltr'><strong><em>footapro</em></strong></span> <span class='ocrx_word' id='word_1_384' title='bbox 1319 4416 1387 4480; x_wconf 78' lang='lat' dir='ltr'><strong><em>fata,</em></strong></span> <span class='ocrx_word' id='word_1_385' title='bbox 1406 4414 1433 4463; x_wconf 89' lang='lat' dir='ltr'><strong><em>in</em></strong></span> <span class='ocrx_word' id='word_1_386' title='bbox 1446 4411 1505 4466; x_wconf 85' lang='lat' dir='ltr'><strong>cod.</strong></span> 
     </span>
    </p>

    <p class='ocr_par' dir='ltr' id='par_1_10' title="bbox 493 4497 1502 4571">
     <span class='ocr_line' id='line_1_37' title="bbox 493 4497 1502 4571; baseline -0.004 -20"><span class='ocrx_word' id='word_1_387' title='bbox 493 4498 523 4554; x_wconf 81' lang='grc' dir='ltr'><strong>Ι.</strong></span> <span class='ocrx_word' id='word_1_388' title='bbox 545 4501 751 4567; x_wconf 70' lang='lat' dir='ltr'><strong><em>HartliI,&#39;15,</em></strong></span> <span class='ocrx_word' id='word_1_389' title='bbox 771 4501 797 4555; x_wconf 85' lang='lat'><strong><em>5.</em></strong></span> <span class='ocrx_word' id='word_1_390' title='bbox 813 4500 906 4570; x_wconf 83' lang='lat' dir='ltr'><strong><em>pluras</em></strong></span> <span class='ocrx_word' id='word_1_391' title='bbox 929 4517 977 4568; x_wconf 87' lang='lat' dir='ltr'><strong><em>pro</em></strong></span> <span class='ocrx_word' id='word_1_392' title='bbox 992 4519 1076 4571; x_wconf 85' lang='lat' dir='ltr'><strong><em>purus</em></strong></span> <span class='ocrx_word' id='word_1_393' title='bbox 1098 4509 1125 4553; x_wconf 88' lang='grc'><strong><em>61</em></strong></span> <span class='ocrx_word' id='word_1_394' title='bbox 1143 4497 1259 4566; x_wconf 82' lang='lat' dir='ltr'>x1‚81‚·</span> <span class='ocrx_word' id='word_1_395' title='bbox 1277 4501 1303 4555; x_wconf 79' lang='lat' dir='ltr'><strong><em>i.</em></strong></span> <span class='ocrx_word' id='word_1_396' title='bbox 1318 4501 1438 4566; x_wconf 81' lang='lat' dir='ltr'><strong><em>uterique</em></strong></span> <span class='ocrx_word' id='word_1_397' title='bbox 1456 4513 1502 4565; x_wconf 91' lang='lat' dir='ltr'><strong><em>pro</em></strong></span> 
     </span>
    </p>
   </div>
   <div class='ocr_carea' id='block_1_10' title="bbox 492 4593 717 4661">
    <p class='ocr_par' dir='ltr' id='par_1_11' title="bbox 492 4593 717 4661">
     <span class='ocr_line' id='line_1_38' title="bbox 492 4593 717 4661; baseline -0.004 -17"><span class='ocrx_word' id='word_1_398' title='bbox 492 4595 595 4661; x_wconf 78' lang='lat' dir='ltr'><strong><em>utrique</em></strong></span> <span class='ocrx_word' id='word_1_399' title='bbox 611 4593 717 4660; x_wconf 83' lang='lat' dir='ltr'><strong><em>legitur.</em></strong></span> 
     </span>
    </p>
   </div>
   <div class='ocr_carea' id='block_1_11' title="bbox 0 0 1768 5500">
    <p class='ocr_par' dir='ltr' id='par_1_12' title="bbox 0 0 1768 5500">
     <span class='ocr_line' id='line_1_39' title="bbox 0 0 1768 5500; baseline 0 1"><span class='ocrx_word' id='word_1_400' title='bbox 0 0 1768 5500; x_wconf 95' lang='lat' dir='ltr'><strong><em> </em></strong></span> 
     </span>
    </p>
   </div>
  </div>
 </body>
</html>
