<?xml version="1.0" encoding="UTF-8"?>
<!DOCTYPE html PUBLIC "-//W3C//DTD XHTML 1.0 Transitional//EN"
    "http://www.w3.org/TR/xhtml1/DTD/xhtml1-transitional.dtd">
<html xmlns="http://www.w3.org/1999/xhtml" xml:lang="en" lang="en">
 <head>
  <title>
</title>
<meta http-equiv="Content-Type" content="text/html;charset=utf-8" />
  <meta name='ocr-system' content='tesseract 3.04.00' />
  <meta name='ocr-capabilities' content='ocr_page ocr_carea ocr_par ocr_line ocrx_word'/>
</head>
<body>
  <div class='ocr_page' id='page_1' title='image "./studiacriticain00heragoog_0115.png"; bbox 0 0 3525 5500; ppageno 0'>
   <div class='ocr_carea' id='block_1_1' title="bbox 747 671 900 768">
    <p class='ocr_par' dir='ltr' id='par_1_1' title="bbox 747 671 900 768">
     <span class='ocr_line' id='line_1_1' title="bbox 747 671 900 768; baseline 0 -38"><span class='ocrx_word' id='word_1_1' title='bbox 747 671 900 768; x_wconf 54' lang='lat' dir='ltr'>..Q-</span> 
     </span>
    </p>
   </div>
   <div class='ocr_carea' id='block_1_2' title="bbox 270 869 1376 2381">
    <p class='ocr_par' dir='ltr' id='par_1_2' title="bbox 270 869 1376 2381">
     <span class='ocr_line' id='line_1_2' title="bbox 270 869 1371 942; baseline -0.004 -12"><span class='ocrx_word' id='word_1_2' title='bbox 270 873 410 930; x_wconf 83' lang='lat' dir='ltr'>lectiones</span> <span class='ocrx_word' id='word_1_3' title='bbox 439 871 543 931; x_wconf 81' lang='lat' dir='ltr'>codicis</span> <span class='ocrx_word' id='word_1_4' title='bbox 572 873 623 929; x_wconf 82' lang='lat' dir='ltr'>lla.</span> <span class='ocrx_word' id='word_1_5' title='bbox 653 879 731 929; x_wconf 83' lang='lat' dir='ltr'>ortae</span> <span class='ocrx_word' id='word_1_6' title='bbox 758 889 822 930; x_wconf 84' lang='lat' dir='ltr'>esse</span> <span class='ocrx_word' id='word_1_7' title='bbox 850 872 990 929; x_wconf 68' lang='lat' dir='ltr'>vitiemur:</span> <span class='ocrx_word' id='word_1_8' title='bbox 1017 870 1052 926; x_wconf 74' lang='grc' dir='ltr'>Αι</span> <span class='ocrx_word' id='word_1_9' title='bbox 1078 871 1156 942; x_wconf 82' lang='grc'><strong>11111,</strong></span> <span class='ocrx_word' id='word_1_10' title='bbox 1177 870 1208 926; x_wconf 81' lang='lat' dir='ltr'>il.</span> <span class='ocrx_word' id='word_1_11' title='bbox 1228 869 1311 928; x_wconf 83' lang='lat' dir='ltr'>tectio</span> <span class='ocrx_word' id='word_1_12' title='bbox 1332 881 1371 926; x_wconf 62' lang='lat' dir='ltr'><strong><em>a</em></strong></span> 
     </span>
     <span class='ocr_line' id='line_1_3' title="bbox 273 973 1371 1049; baseline -0.002 -17"><span class='ocrx_word' id='word_1_13' title='bbox 273 993 331 1049; x_wconf 81' lang='lat' dir='ltr'>quo</span> <span class='ocrx_word' id='word_1_14' title='bbox 354 979 440 1034; x_wconf 78' lang='lat' dir='ltr'>modo</span> <span class='ocrx_word' id='word_1_15' title='bbox 463 977 596 1048; x_wconf 79' lang='lat' dir='ltr'>originem</span> <span class='ocrx_word' id='word_1_16' title='bbox 618 976 701 1032; x_wconf 72' lang='lat' dir='ltr'>traxit</span> <span class='ocrx_word' id='word_1_17' title='bbox 721 991 757 1032; x_wconf 82' lang='lat' dir='ltr'>er</span> <span class='ocrx_word' id='word_1_18' title='bbox 781 975 924 1047; x_wconf 74' lang='lat' dir='ltr'><strong>archetypi</strong></span> <span class='ocrx_word' id='word_1_19' title='bbox 944 975 1077 1046; x_wconf 80' lang='lat' dir='ltr'>scriptura</span> <span class='ocrx_word' id='word_1_20' title='bbox 1099 989 1138 1030; x_wconf 81' lang='lat' dir='ltr'>sc</span> <span class='ocrx_word' id='word_1_21' title='bbox 1158 989 1194 1030; x_wconf 88' lang='lat' dir='ltr'>cc</span> <span class='ocrx_word' id='word_1_22' title='bbox 1214 973 1298 1030; x_wconf 76' lang='lat' dir='ltr'>modo</span> <span class='ocrx_word' id='word_1_23' title='bbox 1318 987 1371 1042; x_wconf 80' lang='lat' dir='ltr'>pro</span> 
     </span>
     <span class='ocr_line' id='line_1_4' title="bbox 276 1074 1374 1151; baseline -0.006 -14"><span class='ocrx_word' id='word_1_24' title='bbox 276 1099 316 1137; x_wconf 82' lang='lat' dir='ltr'>oc</span> <span class='ocrx_word' id='word_1_25' title='bbox 335 1082 500 1151; x_wconf 79' lang='lat' dir='ltr'>commodo,</span> <span class='ocrx_word' id='word_1_26' title='bbox 523 1081 593 1136; x_wconf 86' lang='lat' dir='ltr'>siout</span> <span class='ocrx_word' id='word_1_27' title='bbox 613 1079 640 1134; x_wconf 93' lang='lat' dir='ltr'>in</span> <span class='ocrx_word' id='word_1_28' title='bbox 662 1078 787 1134; x_wconf 82' lang='lat' dir='ltr'>lletliceo</span> <span class='ocrx_word' id='word_1_29' title='bbox 810 1078 873 1134; x_wconf 71' lang='lat' dir='ltr'>com</span> <span class='ocrx_word' id='word_1_30' title='bbox 894 1078 964 1149; x_wconf 77' lang='lat' dir='ltr'>lino.</span> <span class='ocrx_word' id='word_1_31' title='bbox 980 1077 1038 1133; x_wconf 77' lang='lat' dir='ltr'>Cic.</span> <span class='ocrx_word' id='word_1_32' title='bbox 1058 1075 1095 1132; x_wconf 86' lang='lat' dir='ltr'>sd</span> <span class='ocrx_word' id='word_1_33' title='bbox 1114 1076 1188 1132; x_wconf 74' lang='lat' dir='ltr'>Fam</span> <span class='ocrx_word' id='word_1_34' title='bbox 1209 1075 1263 1145; x_wconf 88' lang='lat' dir='ltr'>lll,</span> <span class='ocrx_word' id='word_1_35' title='bbox 1285 1076 1323 1146; x_wconf 79' lang='lat'>5,</span> <span class='ocrx_word' id='word_1_36' title='bbox 1339 1074 1374 1130; x_wconf 74' lang='lat' dir='ltr'>ll.</span> 
     </span>
     <span class='ocr_line' id='line_1_5' title="bbox 271 1177 1373 1255; baseline -0.004 -17"><span class='ocrx_word' id='word_1_37' title='bbox 271 1201 330 1255; x_wconf 80' lang='lat' dir='ltr'>quo</span> <span class='ocrx_word' id='word_1_38' title='bbox 352 1185 438 1239; x_wconf 80' lang='lat' dir='ltr'>modo</span> <span class='ocrx_word' id='word_1_39' title='bbox 460 1199 512 1254; x_wconf 86' lang='lat' dir='ltr'>pro</span> <span class='ocrx_word' id='word_1_40' title='bbox 533 1183 678 1238; x_wconf 77' lang='lat' dir='ltr'>commodo</span> <span class='ocrx_word' id='word_1_41' title='bbox 701 1181 809 1252; x_wconf 82' lang='lat' dir='ltr'>legitur.</span> <span class='ocrx_word' id='word_1_42' title='bbox 853 1181 888 1236; x_wconf 78' lang='grc' dir='ltr'>Α.</span> <span class='ocrx_word' id='word_1_43' title='bbox 909 1181 985 1251; x_wconf 82' lang='lat' dir='ltr'>lilii,</span> <span class='ocrx_word' id='word_1_44' title='bbox 1010 1178 1058 1236; x_wconf 81' lang='lat'>15.</span> <span class='ocrx_word' id='word_1_45' title='bbox 1080 1185 1149 1236; x_wconf 83' lang='lat' dir='ltr'>extr.</span> <span class='ocrx_word' id='word_1_46' title='bbox 1172 1179 1236 1236; x_wconf 85' lang='lat' dir='ltr'>cod.</span> <span class='ocrx_word' id='word_1_47' title='bbox 1249 1177 1301 1236; x_wconf 86' lang='lat' dir='ltr'>lls.</span> <span class='ocrx_word' id='word_1_48' title='bbox 1321 1193 1373 1249; x_wconf 77' lang='lat' dir='ltr'>pro</span> 
     </span>
     <span class='ocr_line' id='line_1_6' title="bbox 275 1281 1375 1358; baseline 0 -18"><span class='ocrx_word' id='word_1_49' title='bbox 275 1283 450 1358; x_wconf 73' lang='lat' dir='ltr'>decoquitur</span> <span class='ocrx_word' id='word_1_50' title='bbox 479 1287 591 1342; x_wconf 82' lang='lat' dir='ltr'>cxhrbet</span> <span class='ocrx_word' id='word_1_51' title='bbox 616 1285 729 1340; x_wconf 83' lang='lat' dir='ltr'>formam</span> <span class='ocrx_word' id='word_1_52' title='bbox 751 1285 956 1357; x_wconf 54' lang='lat' dir='ltr'>usquequam,</span> <span class='ocrx_word' id='word_1_53' title='bbox 986 1282 1022 1339; x_wconf 82' lang='lat' dir='ltr'>tle</span> <span class='ocrx_word' id='word_1_54' title='bbox 1050 1298 1102 1353; x_wconf 82' lang='lat' dir='ltr'>ona</span> <span class='ocrx_word' id='word_1_55' title='bbox 1128 1282 1192 1340; x_wconf 79' lang='lat' dir='ltr'>rite</span> <span class='ocrx_word' id='word_1_56' title='bbox 1213 1281 1375 1340; x_wconf 81' lang='lat' dir='ltr'>Schneidsti</span> 
     </span>
     <span class='ocr_line' id='line_1_7' title="bbox 274 1384 1374 1460; baseline -0.002 -18"><span class='ocrx_word' id='word_1_57' title='bbox 274 1387 319 1444; x_wconf 79' lang='lat' dir='ltr'>Gr.</span> <span class='ocrx_word' id='word_1_58' title='bbox 343 1387 402 1444; x_wconf 88' lang='lat' dir='ltr'>Lot.</span> <span class='ocrx_word' id='word_1_59' title='bbox 426 1389 446 1444; x_wconf 88' lang='lat' dir='ltr'>l.</span> <span class='ocrx_word' id='word_1_60' title='bbox 476 1405 501 1460; x_wconf 89' lang='lat' dir='ltr'>p.</span> <span class='ocrx_word' id='word_1_61' title='bbox 525 1387 596 1444; x_wconf 85' lang='lat'><strong>336.</strong></span> <span class='ocrx_word' id='word_1_62' title='bbox 640 1387 674 1443; x_wconf 80' lang='grc' dir='ltr'>Α.</span> <span class='ocrx_word' id='word_1_63' title='bbox 695 1387 775 1457; x_wconf 84' lang='lat' dir='ltr'>lllV,</span> <span class='ocrx_word' id='word_1_64' title='bbox 802 1384 850 1441; x_wconf 91' lang='lat' dir='ltr'>ll.</span> <span class='ocrx_word' id='word_1_65' title='bbox 872 1386 1007 1456; x_wconf 76' lang='lat' dir='ltr'>comptum</span> <span class='ocrx_word' id='word_1_66' title='bbox 1029 1384 1146 1441; x_wconf 83' lang='lat' dir='ltr'>omnium</span> <span class='ocrx_word' id='word_1_67' title='bbox 1166 1385 1226 1442; x_wconf 87' lang='lat' dir='ltr'>iere</span> <span class='ocrx_word' id='word_1_68' title='bbox 1249 1384 1374 1442; x_wconf 85' lang='lat' dir='ltr'>codicum</span> 
     </span>
     <span class='ocr_line' id='line_1_8' title="bbox 272 1485 1374 1562; baseline -0.002 -16"><span class='ocrx_word' id='word_1_69' title='bbox 272 1490 365 1548; x_wconf 80' lang='lat' dir='ltr'>ollito</span> <span class='ocrx_word' id='word_1_70' title='bbox 388 1492 524 1562; x_wconf 75' lang='lat' dir='ltr'>originem</span> <span class='ocrx_word' id='word_1_71' title='bbox 549 1491 624 1546; x_wconf 73' lang='lat' dir='ltr'>duxit</span> <span class='ocrx_word' id='word_1_72' title='bbox 645 1507 661 1545; x_wconf 88' lang='lat' dir='ltr'>a</span> <span class='ocrx_word' id='word_1_73' title='bbox 683 1489 803 1546; x_wconf 84' lang='lat' dir='ltr'>lectione</span> <span class='ocrx_word' id='word_1_74' title='bbox 818 1489 961 1558; x_wconf 69' lang='lat' dir='ltr'>archetypi</span> <span class='ocrx_word' id='word_1_75' title='bbox 981 1486 1076 1544; x_wconf 79' lang='lat' dir='ltr'>oblico</span> <span class='ocrx_word' id='word_1_76' title='bbox 1095 1501 1148 1559; x_wconf 81' lang='lat' dir='ltr'>pro</span> <span class='ocrx_word' id='word_1_77' title='bbox 1162 1489 1273 1559; x_wconf 79' lang='lat' dir='ltr'>uulgato</span> <span class='ocrx_word' id='word_1_78' title='bbox 1292 1485 1374 1544; x_wconf 70' lang='lat' dir='ltr'>otto·-</span> 
     </span>
     <span class='ocr_line' id='line_1_9' title="bbox 273 1589 1374 1666; baseline -0.001 -17"><span class='ocrx_word' id='word_1_79' title='bbox 273 1611 340 1666; x_wconf 80' lang='lat' dir='ltr'>quo.</span> <span class='ocrx_word' id='word_1_80' title='bbox 386 1593 421 1648; x_wconf 79' lang='lat' dir='ltr'>A.</span> <span class='ocrx_word' id='word_1_81' title='bbox 443 1595 509 1664; x_wconf 78' lang='lat' dir='ltr'>XV,</span> <span class='ocrx_word' id='word_1_82' title='bbox 534 1593 584 1648; x_wconf 77' lang='lat'>59.</span> <span class='ocrx_word' id='word_1_83' title='bbox 607 1593 691 1648; x_wconf 80' lang='lat' dir='ltr'>lectio</span> <span class='ocrx_word' id='word_1_84' title='bbox 714 1591 940 1648; x_wconf 75' lang='lat' dir='ltr'>connumerem</span> <span class='ocrx_word' id='word_1_85' title='bbox 961 1597 990 1646; x_wconf 87' lang='lat' dir='ltr'>st</span> <span class='ocrx_word' id='word_1_86' title='bbox 1011 1590 1074 1646; x_wconf 84' lang='lat' dir='ltr'>edd.</span> <span class='ocrx_word' id='word_1_87' title='bbox 1095 1597 1162 1647; x_wconf 79' lang='lat' dir='ltr'>nott.</span> <span class='ocrx_word' id='word_1_88' title='bbox 1184 1589 1319 1646; x_wconf 81' lang='lat' dir='ltr'>alioelnio</span> <span class='ocrx_word' id='word_1_89' title='bbox 1339 1605 1374 1648; x_wconf 80' lang='grc' dir='ltr'>ιι</span> 
     </span>
     <span class='ocr_line' id='line_1_10' title="bbox 270 1688 1376 1768; baseline -0.003 -17"><span class='ocrx_word' id='word_1_90' title='bbox 270 1696 422 1768; x_wconf 63' lang='lat' dir='ltr'>Rupes-tio*</span> <span class='ocrx_word' id='word_1_91' title='bbox 437 1697 507 1752; x_wconf 90' lang='lat' dir='ltr'>male</span> <span class='ocrx_word' id='word_1_92' title='bbox 531 1702 663 1752; x_wconf 80' lang='lat' dir='ltr'>revocata</span> <span class='ocrx_word' id='word_1_93' title='bbox 690 1711 759 1750; x_wconf 79' lang='lat' dir='ltr'>oum</span> <span class='ocrx_word' id='word_1_94' title='bbox 783 1702 865 1750; x_wconf 75' lang='lat' dir='ltr'>cetos</span> <span class='ocrx_word' id='word_1_95' title='bbox 889 1694 971 1750; x_wconf 77' lang='lat' dir='ltr'>osiios</span> <span class='ocrx_word' id='word_1_96' title='bbox 992 1688 1145 1750; x_wconf 79' lang='lat' dir='ltr'>tirnebaisr</span> <span class='ocrx_word' id='word_1_97' title='bbox 1166 1707 1376 1766; x_wconf 76' lang='lat' dir='ltr'>quanquam</span> 
     </span>
     <span class='ocr_line' id='line_1_11' title="bbox 270 1796 1376 1870; baseline -0.002 -16"><span class='ocrx_word' id='word_1_98' title='bbox 270 1800 372 1870; x_wconf 74' lang='lat' dir='ltr'>sonore</span> <span class='ocrx_word' id='word_1_99' title='bbox 394 1797 520 1854; x_wconf 75' lang='lat' dir='ltr'>imbutam</span> <span class='ocrx_word' id='word_1_100' title='bbox 550 1806 609 1854; x_wconf 86' lang='lat' dir='ltr'>orta</span> <span class='ocrx_word' id='word_1_101' title='bbox 632 1805 675 1854; x_wconf 90' lang='lat' dir='ltr'>est</span> <span class='ocrx_word' id='word_1_102' title='bbox 696 1813 732 1852; x_wconf 82' lang='lat' dir='ltr'>ex</span> <span class='ocrx_word' id='word_1_103' title='bbox 754 1796 897 1867; x_wconf 75' lang='lat' dir='ltr'>archetypi</span> <span class='ocrx_word' id='word_1_104' title='bbox 918 1796 1052 1867; x_wconf 74' lang='lat' dir='ltr'>scripture</span> <span class='ocrx_word' id='word_1_105' title='bbox 1078 1812 1284 1869; x_wconf 78' lang='lat' dir='ltr'>conquam,</span> <span class='ocrx_word' id='word_1_106' title='bbox 1306 1811 1376 1866; x_wconf 75' lang='lat' dir='ltr'>quse</span> 
     </span>
     <span class='ocr_line' id='line_1_12' title="bbox 270 1898 1373 1972; baseline -0.002 -16"><span class='ocrx_word' id='word_1_107' title='bbox 270 1917 365 1956; x_wconf 83' lang='lat' dir='ltr'>rursus</span> <span class='ocrx_word' id='word_1_108' title='bbox 379 1917 417 1957; x_wconf 86' lang='lat' dir='ltr'>ex</span> <span class='ocrx_word' id='word_1_109' title='bbox 433 1902 550 1972; x_wconf 81' lang='lat' dir='ltr'>genuina</span> <span class='ocrx_word' id='word_1_110' title='bbox 563 1901 684 1966; x_wconf 85' lang='lat' dir='ltr'>lectione</span> <span class='ocrx_word' id='word_1_111' title='bbox 695 1899 759 1956; x_wconf 85' lang='lat' dir='ltr'>inde</span> <span class='ocrx_word' id='word_1_112' title='bbox 780 1915 795 1954; x_wconf 85' lang='lat' dir='ltr'>o</span> <span class='ocrx_word' id='word_1_113' title='bbox 809 1898 931 1955; x_wconf 83' lang='lat' dir='ltr'>lllsenttni</span> <span class='ocrx_word' id='word_1_114' title='bbox 945 1898 1135 1956; x_wconf 72' lang='lat' dir='ltr'>emendetione</span> <span class='ocrx_word' id='word_1_115' title='bbox 1150 1898 1260 1969; x_wconf 76' lang='lat' dir='ltr'>migro</span> <span class='ocrx_word' id='word_1_116' title='bbox 1282 1907 1320 1956; x_wconf 84' lang='lat' dir='ltr'>to</span> <span class='ocrx_word' id='word_1_117' title='bbox 1332 1915 1373 1954; x_wconf 86' lang='lat' dir='ltr'>o-</span> 
     </span>
     <span class='ocr_line' id='line_1_13' title="bbox 271 2000 1374 2076; baseline 0 -18"><span class='ocrx_word' id='word_1_118' title='bbox 271 2019 378 2076; x_wconf 82' lang='lat' dir='ltr'>qucm</span> <span class='ocrx_word' id='word_1_119' title='bbox 399 2010 533 2075; x_wconf 76' lang='lat' dir='ltr'>perpetua</span> <span class='ocrx_word' id='word_1_120' title='bbox 563 2002 622 2058; x_wconf 86' lang='lat' dir='ltr'>lere</span> <span class='ocrx_word' id='word_1_121' title='bbox 648 2002 784 2058; x_wconf 85' lang='lat' dir='ltr'>literarum</span> <span class='ocrx_word' id='word_1_122' title='bbox 812 2018 828 2058; x_wconf 86' lang='lat' dir='ltr'>c</span> <span class='ocrx_word' id='word_1_123' title='bbox 856 2009 885 2057; x_wconf 87' lang='lat' dir='ltr'>et</span> <span class='ocrx_word' id='word_1_124' title='bbox 913 2009 925 2058; x_wconf 80' lang='lat' dir='ltr'>t</span> <span class='ocrx_word' id='word_1_125' title='bbox 951 2002 1116 2058; x_wconf 72' lang='lat' dir='ltr'>conluuione</span> <span class='ocrx_word' id='word_1_126' title='bbox 1136 2000 1285 2073; x_wconf 72' lang='lat' dir='ltr'>depravata</span> <span class='ocrx_word' id='word_1_127' title='bbox 1306 2007 1374 2058; x_wconf 84' lang='lat' dir='ltr'>erat.</span> 
     </span>
     <span class='ocr_line' id='line_1_14' title="bbox 270 2104 1373 2176; baseline 0 -14"><span class='ocrx_word' id='word_1_128' title='bbox 270 2107 401 2162; x_wconf 79' lang='lat' dir='ltr'>Vicissim</span> <span class='ocrx_word' id='word_1_129' title='bbox 433 2105 465 2161; x_wconf 84' lang='grc' dir='ltr'>Η.</span> <span class='ocrx_word' id='word_1_130' title='bbox 486 2106 540 2176; x_wconf 86' lang='lat' dir='ltr'>lV,</span> <span class='ocrx_word' id='word_1_131' title='bbox 564 2106 613 2161; x_wconf 80' lang='grc'>88.</span> <span class='ocrx_word' id='word_1_132' title='bbox 635 2105 719 2161; x_wconf 88' lang='lat' dir='ltr'>lectio</span> <span class='ocrx_word' id='word_1_133' title='bbox 742 2104 1058 2176; x_wconf 65' lang='lat' dir='ltr'>momumento.</span> <span class='ocrx_word' id='word_1_134' title='bbox 1080 2112 1259 2176; x_wconf 79' lang='lat' dir='ltr'>tanquam</span> <span class='ocrx_word' id='word_1_135' title='bbox 1279 2121 1373 2162; x_wconf 78' lang='lat' dir='ltr'>acnu-</span> 
     </span>
     <span class='ocr_line' id='line_1_15' title="bbox 271 2207 1375 2280; baseline -0.001 -15"><span class='ocrx_word' id='word_1_136' title='bbox 271 2213 339 2266; x_wconf 86' lang='lat' dir='ltr'>toris&#39;</span> <span class='ocrx_word' id='word_1_137' title='bbox 362 2209 473 2266; x_wconf 78' lang='lat' dir='ltr'>ordinis</span> <span class='ocrx_word' id='word_1_138' title='bbox 500 2209 635 2280; x_wconf 73' lang='lat' dir='ltr'>originem</span> <span class='ocrx_word' id='word_1_139' title='bbox 652 2207 734 2264; x_wconf 85' lang='lat' dir='ltr'>trsxit</span> <span class='ocrx_word' id='word_1_140' title='bbox 755 2223 792 2263; x_wconf 81' lang='lat' dir='ltr'>ex</span> <span class='ocrx_word' id='word_1_141' title='bbox 813 2208 948 2278; x_wconf 86' lang='lat' dir='ltr'>scriptura</span> <span class='ocrx_word' id='word_1_142' title='bbox 970 2223 1114 2280; x_wconf 74' lang='lat' dir='ltr'>conquam</span> <span class='ocrx_word' id='word_1_143' title='bbox 1130 2223 1182 2279; x_wconf 82' lang='lat' dir='ltr'>pro</span> <span class='ocrx_word' id='word_1_144' title='bbox 1204 2221 1375 2280; x_wconf 68' lang='lat' dir='ltr'>marquart.</span> 
     </span>
     <span class='ocr_line' id='line_1_16' title="bbox 375 2305 1376 2381; baseline 0.002 -15"><span class='ocrx_word' id='word_1_145' title='bbox 375 2313 466 2367; x_wconf 89' lang='lat' dir='ltr'>Porro</span> <span class='ocrx_word' id='word_1_146' title='bbox 487 2312 583 2368; x_wconf 83' lang='lat' dir='ltr'>literne</span> <span class='ocrx_word' id='word_1_147' title='bbox 605 2329 621 2366; x_wconf 88' lang='lat' dir='ltr'>c</span> <span class='ocrx_word' id='word_1_148' title='bbox 640 2319 668 2367; x_wconf 91' lang='lat' dir='ltr'>et</span> <span class='ocrx_word' id='word_1_149' title='bbox 690 2317 744 2366; x_wconf 91' lang='lat' dir='ltr'>tut</span> <span class='ocrx_word' id='word_1_150' title='bbox 755 2310 784 2365; x_wconf 91' lang='lat' dir='ltr'>in</span> <span class='ocrx_word' id='word_1_151' title='bbox 798 2311 857 2366; x_wconf 79' lang='lat' dir='ltr'>aliia</span> <span class='ocrx_word' id='word_1_152' title='bbox 871 2310 1013 2366; x_wconf 83' lang='lat' dir='ltr'>codicibus</span> <span class='ocrx_word' id='word_1_153' title='bbox 1027 2310 1104 2366; x_wconf 89' lang='lat' dir='ltr'>listis</span> <span class='ocrx_word' id='word_1_154' title='bbox 1122 2305 1187 2381; x_wconf 82' lang='lat'><strong>⁶⁶),</strong></span> <span class='ocrx_word' id='word_1_155' title='bbox 1208 2311 1245 2366; x_wconf 86' lang='lat' dir='ltr'>ita</span> <span class='ocrx_word' id='word_1_156' title='bbox 1260 2309 1287 2367; x_wconf 89' lang='lat' dir='ltr'>in</span> <span class='ocrx_word' id='word_1_157' title='bbox 1301 2309 1376 2368; x_wconf 79' lang='lat' dir='ltr'>tibris</span> 
     </span>
    </p>
   </div>
   <div class='ocr_carea' id='block_1_3' title="bbox 275 2425 493 2438">
    <p class='ocr_par' dir='ltr' id='par_1_3' title="bbox 275 2425 493 2438">
     <span class='ocr_line' id='line_1_17' title="bbox 275 2425 493 2438; baseline 0 -2"><span class='ocrx_word' id='word_1_158' title='bbox 275 2425 493 2438; x_wconf 63' lang='lat' dir='ltr'>-a--nn-—n—</span> 
     </span>
    </p>
   </div>
   <div class='ocr_carea' id='block_1_4' title="bbox 303 2505 1377 3685">
    <p class='ocr_par' dir='ltr' id='par_1_4' title="bbox 345 2505 1377 3518">
     <span class='ocr_line' id='line_1_18' title="bbox 360 2505 1376 2574; baseline 0.004 -16"><span class='ocrx_word' id='word_1_159' title='bbox 360 2506 476 2558; x_wconf 72' lang='lat' dir='ltr'>Palatini</span> <span class='ocrx_word' id='word_1_160' title='bbox 494 2509 609 2573; x_wconf 72' lang='lat' dir='ltr'>quatiens</span> <span class='ocrx_word' id='word_1_161' title='bbox 635 2514 693 2563; x_wconf 85' lang='lat' dir='ltr'>orta</span> <span class='ocrx_word' id='word_1_162' title='bbox 717 2521 776 2561; x_wconf 83' lang='lat' dir='ltr'>csse</span> <span class='ocrx_word' id='word_1_163' title='bbox 795 2505 901 2574; x_wconf 81' lang='lat' dir='ltr'>vitietur</span> <span class='ocrx_word' id='word_1_164' title='bbox 925 2522 958 2559; x_wconf 83' lang='lat' dir='ltr'>ex</span> <span class='ocrx_word' id='word_1_165' title='bbox 981 2507 1112 2574; x_wconf 78' lang='lat' dir='ltr'>scripture</span> <span class='ocrx_word' id='word_1_166' title='bbox 1128 2508 1239 2572; x_wconf 71' lang='lat' dir='ltr'>cotiano,</span> <span class='ocrx_word' id='word_1_167' title='bbox 1263 2521 1331 2574; x_wconf 83' lang='lat' dir='ltr'>quse</span> <span class='ocrx_word' id='word_1_168' title='bbox 1348 2506 1376 2563; x_wconf 78' lang='lat' dir='ltr'>ia</span> 
     </span>
     <span class='ocr_line' id='line_1_19' title="bbox 361 2591 1376 2660; baseline 0.001 -14"><span class='ocrx_word' id='word_1_169' title='bbox 361 2591 508 2660; x_wconf 64' lang='lat' dir='ltr'>archetypo*</span> <span class='ocrx_word' id='word_1_170' title='bbox 524 2596 675 2660; x_wconf 79' lang='lat' dir='ltr'>protulimus</span> <span class='ocrx_word' id='word_1_171' title='bbox 693 2594 814 2647; x_wconf 76' lang='lat' dir='ltr'>extiterat</span> <span class='ocrx_word' id='word_1_172' title='bbox 826 2601 923 2647; x_wconf 85' lang='lat' dir='ltr'>mutata</span> <span class='ocrx_word' id='word_1_173' title='bbox 935 2593 1012 2645; x_wconf 85' lang='lat' dir='ltr'>litera</span> <span class='ocrx_word' id='word_1_174' title='bbox 1030 2602 1039 2644; x_wconf 86' lang='lat' dir='ltr'>t</span> <span class='ocrx_word' id='word_1_175' title='bbox 1058 2609 1115 2644; x_wconf 89' lang='lat' dir='ltr'>cum</span> <span class='ocrx_word' id='word_1_176' title='bbox 1134 2610 1156 2644; x_wconf 91' lang='lat' dir='ltr'>c.</span> <span class='ocrx_word' id='word_1_177' title='bbox 1181 2593 1255 2644; x_wconf 87' lang='lat' dir='ltr'>biart.</span> <span class='ocrx_word' id='word_1_178' title='bbox 1272 2591 1376 2656; x_wconf 80' lang='lat' dir='ltr'>tt,t,5.</span> 
     </span>
     <span class='ocr_line' id='line_1_20' title="bbox 359 2676 1377 2746; baseline -0.002 -17"><span class='ocrx_word' id='word_1_179' title='bbox 359 2680 387 2729; x_wconf 92' lang='lat' dir='ltr'>in</span> <span class='ocrx_word' id='word_1_180' title='bbox 408 2677 467 2731; x_wconf 88' lang='lat' dir='ltr'>cod.</span> <span class='ocrx_word' id='word_1_181' title='bbox 491 2679 619 2730; x_wconf 87' lang='lat' dir='ltr'>Vossiano</span> <span class='ocrx_word' id='word_1_182' title='bbox 639 2678 668 2732; x_wconf 87' lang='lat' dir='ltr'>B.</span> <span class='ocrx_word' id='word_1_183' title='bbox 687 2677 785 2746; x_wconf 87' lang='lat' dir='ltr'>legitur</span> <span class='ocrx_word' id='word_1_184' title='bbox 798 2688 910 2744; x_wconf 75' lang='lat' dir='ltr'>quantas</span> <span class='ocrx_word' id='word_1_185' title='bbox 922 2694 969 2744; x_wconf 85' lang='lat' dir='ltr'>pro</span> <span class='ocrx_word' id='word_1_186' title='bbox 983 2687 1083 2729; x_wconf 82' lang='lat' dir='ltr'>contar.</span> <span class='ocrx_word' id='word_1_187' title='bbox 1118 2677 1154 2729; x_wconf 85' lang='lat' dir='ltr'>lta</span> <span class='ocrx_word' id='word_1_188' title='bbox 1171 2676 1330 2740; x_wconf 79' lang='lat' dir='ltr'>factumest,</span> <span class='ocrx_word' id='word_1_189' title='bbox 1348 2685 1377 2727; x_wconf 92' lang='lat' dir='ltr'>ut</span> 
     </span>
     <span class='ocr_line' id='line_1_21' title="bbox 362 2760 1375 2833; baseline 0.002 -20"><span class='ocrx_word' id='word_1_190' title='bbox 362 2764 435 2813; x_wconf 85' lang='lat' dir='ltr'>blant.</span> <span class='ocrx_word' id='word_1_191' title='bbox 454 2762 520 2826; x_wconf 79' lang='lat' dir='ltr'>lllll,</span> <span class='ocrx_word' id='word_1_192' title='bbox 540 2760 598 2827; x_wconf 87' lang='grc'>127,</span> <span class='ocrx_word' id='word_1_193' title='bbox 625 2763 649 2816; x_wconf 88' lang='grc'>2.</span> <span class='ocrx_word' id='word_1_194' title='bbox 668 2764 748 2815; x_wconf 86' lang='lat' dir='ltr'>lectio</span> <span class='ocrx_word' id='word_1_195' title='bbox 768 2764 828 2816; x_wconf 88' lang='lat' dir='ltr'>cod.</span> <span class='ocrx_word' id='word_1_196' title='bbox 847 2764 967 2816; x_wconf 86' lang='lat' dir='ltr'>Vossioni</span> <span class='ocrx_word' id='word_1_197' title='bbox 986 2764 1017 2817; x_wconf 87' lang='lat' dir='ltr'>li.</span> <span class='ocrx_word' id='word_1_198' title='bbox 1042 2761 1128 2827; x_wconf 69' lang='lat' dir='ltr'>crium,</span> <span class='ocrx_word' id='word_1_199' title='bbox 1147 2779 1199 2833; x_wconf 92' lang='lat' dir='ltr'>quo</span> <span class='ocrx_word' id='word_1_200' title='bbox 1218 2763 1375 2830; x_wconf 85' lang='lat' dir='ltr'>compendio</span> 
     </span>
     <span class='ocr_line' id='line_1_22' title="bbox 358 2846 1375 2924; baseline 0.002 -26"><span class='ocrx_word' id='word_1_201' title='bbox 358 2850 546 2911; x_wconf 66' lang='lat' dir='ltr'>condemnem</span> <span class='ocrx_word' id='word_1_202' title='bbox 566 2850 691 2911; x_wconf 78' lang='lat' dir='ltr'>rumdam,</span> <span class='ocrx_word' id='word_1_203' title='bbox 710 2856 737 2899; x_wconf 89' lang='lat' dir='ltr'>nt</span> <span class='ocrx_word' id='word_1_204' title='bbox 756 2850 975 2901; x_wconf 86' lang='lat' dir='ltr'>Schneidewinus</span> <span class='ocrx_word' id='word_1_205' title='bbox 994 2849 1037 2924; x_wconf 79' lang='lat' dir='ltr'>etl.</span> <span class='ocrx_word' id='word_1_206' title='bbox 1054 2848 1205 2907; x_wconf 59' lang='grc' dir='ltr'><strong>Μαι-11101.</strong></span> <span class='ocrx_word' id='word_1_207' title='bbox 1223 2848 1254 2900; x_wconf 88' lang='grc'>11.</span> <span class='ocrx_word' id='word_1_208' title='bbox 1277 2864 1303 2915; x_wconf 85' lang='lat' dir='ltr'>p.</span> <span class='ocrx_word' id='word_1_209' title='bbox 1316 2846 1375 2900; x_wconf 77' lang='grc'><strong>733.</strong></span> 
     </span>
     <span class='ocr_line' id='line_1_23' title="bbox 360 2935 1375 3003; baseline 0.001 -17"><span class='ocrx_word' id='word_1_210' title='bbox 360 2936 494 3000; x_wconf 82' lang='lat' dir='ltr'>opinatur,</span> <span class='ocrx_word' id='word_1_211' title='bbox 519 2936 694 3003; x_wconf 80' lang='lat' dir='ltr'>significatur,</span> <span class='ocrx_word' id='word_1_212' title='bbox 728 2950 761 2986; x_wconf 85' lang='lat' dir='ltr'>cx</span> <span class='ocrx_word' id='word_1_213' title='bbox 790 2938 906 3003; x_wconf 75' lang='lat' dir='ltr'>genuina</span> <span class='ocrx_word' id='word_1_214' title='bbox 936 2937 1065 3003; x_wconf 79' lang='lat' dir='ltr'>scripturn</span> <span class='ocrx_word' id='word_1_215' title='bbox 1093 2935 1222 3002; x_wconf 71' lang='grc' dir='ltr'><strong>ιιιιιιιὶιιι</strong></span> <span class='ocrx_word' id='word_1_216' title='bbox 1251 2935 1375 2988; x_wconf 78' lang='lat' dir='ltr'>oriretur.</span> 
     </span>
     <span class='ocr_line' id='line_1_24' title="bbox 358 3018 1375 3089; baseline -0.002 -16"><span class='ocrx_word' id='word_1_217' title='bbox 358 3020 485 3074; x_wconf 77' lang='lat' dir='ltr'>Similiter</span> <span class='ocrx_word' id='word_1_218' title='bbox 501 3019 570 3074; x_wconf 86' lang='lat' dir='ltr'>Dial.</span> <span class='ocrx_word' id='word_1_219' title='bbox 598 3020 632 3071; x_wconf 87' lang='lat' dir='ltr'>de</span> <span class='ocrx_word' id='word_1_220' title='bbox 655 3019 736 3073; x_wconf 82' lang='lat' dir='ltr'>Oratt</span> <span class='ocrx_word' id='word_1_221' title='bbox 754 3018 788 3075; x_wconf 81' lang='lat'>39</span> <span class='ocrx_word' id='word_1_222' title='bbox 811 3022 941 3087; x_wconf 85' lang='lat' dir='ltr'>scriptura</span> <span class='ocrx_word' id='word_1_223' title='bbox 965 3020 1027 3077; x_wconf 83' lang='lat' dir='ltr'>coti.</span> <span class='ocrx_word' id='word_1_224' title='bbox 1051 3020 1219 3089; x_wconf 78' lang='lat' dir='ltr'>lisonoiittni</span> <span class='ocrx_word' id='word_1_225' title='bbox 1243 3034 1260 3071; x_wconf 84' lang='lat' dir='ltr'>a</span> <span class='ocrx_word' id='word_1_226' title='bbox 1282 3034 1322 3087; x_wconf 78' lang='lat' dir='ltr'>pr.</span> <span class='ocrx_word' id='word_1_227' title='bbox 1338 3034 1375 3071; x_wconf 91' lang='grc' dir='ltr'>ιι.</span> 
     </span>
     <span class='ocr_line' id='line_1_25' title="bbox 360 3103 1374 3177; baseline -0.001 -20"><span class='ocrx_word' id='word_1_228' title='bbox 360 3123 438 3173; x_wconf 81' lang='lat' dir='ltr'>quom</span> <span class='ocrx_word' id='word_1_229' title='bbox 455 3114 518 3157; x_wconf 87' lang='lat' dir='ltr'>usta</span> <span class='ocrx_word' id='word_1_230' title='bbox 542 3114 582 3157; x_wconf 88' lang='lat' dir='ltr'>est</span> <span class='ocrx_word' id='word_1_231' title='bbox 606 3123 638 3159; x_wconf 84' lang='lat' dir='ltr'>ex</span> <span class='ocrx_word' id='word_1_232' title='bbox 656 3107 771 3177; x_wconf 83' lang='lat' dir='ltr'>genuina</span> <span class='ocrx_word' id='word_1_233' title='bbox 790 3122 859 3161; x_wconf 80' lang='lat' dir='ltr'>vote</span> <span class='ocrx_word' id='word_1_234' title='bbox 878 3103 944 3160; x_wconf 77' lang='grc' dir='ltr'><strong>οιῖιιι</strong></span> <span class='ocrx_word' id='word_1_235' title='bbox 961 3110 979 3161; x_wconf 87' lang='lat' dir='ltr'>i.</span> <span class='ocrx_word' id='word_1_236' title='bbox 1005 3124 1029 3161; x_wconf 86' lang='lat' dir='ltr'>c.</span> <span class='ocrx_word' id='word_1_237' title='bbox 1047 3125 1154 3160; x_wconf 81' lang='lat' dir='ltr'>eausam</span> <span class='ocrx_word' id='word_1_238' title='bbox 1179 3105 1228 3171; x_wconf 86' lang='lat' dir='ltr'>(ci.</span> <span class='ocrx_word' id='word_1_239' title='bbox 1245 3104 1374 3157; x_wconf 81' lang='lat' dir='ltr'>Nouvotn</span> 
     </span>
     <span class='ocr_line' id='line_1_26' title="bbox 358 3190 1373 3261; baseline 0.001 -20"><span class='ocrx_word' id='word_1_240' title='bbox 358 3193 434 3241; x_wconf 73' lang='lat' dir='ltr'>troile</span> <span class='ocrx_word' id='word_1_241' title='bbox 454 3191 487 3242; x_wconf 89' lang='lat' dir='ltr'>do</span> <span class='ocrx_word' id='word_1_242' title='bbox 506 3192 694 3261; x_wconf 81' lang='lat' dir='ltr'>diplomatiqne</span> <span class='ocrx_word' id='word_1_243' title='bbox 713 3192 741 3244; x_wconf 80' lang='lat' dir='ltr'>t.</span> <span class='ocrx_word' id='word_1_244' title='bbox 760 3192 797 3243; x_wconf 93' lang='lat' dir='ltr'>lll.</span> <span class='ocrx_word' id='word_1_245' title='bbox 817 3208 843 3259; x_wconf 85' lang='lat' dir='ltr'>p.</span> <span class='ocrx_word' id='word_1_246' title='bbox 860 3190 911 3243; x_wconf 88' lang='grc'>359</span> <span class='ocrx_word' id='word_1_247' title='bbox 930 3201 984 3247; x_wconf 89' lang='lat' dir='ltr'>not.</span> <span class='ocrx_word' id='word_1_248' title='bbox 1004 3191 1060 3257; x_wconf 89' lang='lat' dir='ltr'>l.),</span> <span class='ocrx_word' id='word_1_249' title='bbox 1079 3209 1147 3261; x_wconf 87' lang='lat' dir='ltr'>quoe</span> <span class='ocrx_word' id='word_1_250' title='bbox 1165 3194 1192 3243; x_wconf 91' lang='lat' dir='ltr'>in</span> <span class='ocrx_word' id='word_1_251' title='bbox 1210 3190 1304 3244; x_wconf 86' lang='lat' dir='ltr'>eodem</span> <span class='ocrx_word' id='word_1_252' title='bbox 1323 3207 1373 3243; x_wconf 91' lang='lat' dir='ltr'>eo-</span> 
     </span>
     <span class='ocr_line' id='line_1_27' title="bbox 356 3271 1371 3344; baseline 0.002 -19"><span class='ocrx_word' id='word_1_253' title='bbox 356 3275 424 3343; x_wconf 85' lang='lat' dir='ltr'>dice¹</span> <span class='ocrx_word' id='word_1_254' title='bbox 447 3293 461 3327; x_wconf 90' lang='lat' dir='ltr'>a</span> <span class='ocrx_word' id='word_1_255' title='bbox 488 3294 541 3329; x_wconf 86' lang='lat' dir='ltr'>sec.</span> <span class='ocrx_word' id='word_1_256' title='bbox 567 3294 599 3327; x_wconf 92' lang='lat' dir='ltr'>m.</span> <span class='ocrx_word' id='word_1_257' title='bbox 630 3278 806 3344; x_wconf 81' lang='lat' dir='ltr'>superscripta</span> <span class='ocrx_word' id='word_1_258' title='bbox 840 3286 889 3331; x_wconf 87' lang='lat' dir='ltr'>est.</span> <span class='ocrx_word' id='word_1_259' title='bbox 933 3278 998 3331; x_wconf 86' lang='lat' dir='ltr'>ltem</span> <span class='ocrx_word' id='word_1_260' title='bbox 1028 3280 1055 3329; x_wconf 94' lang='lat' dir='ltr'>in</span> <span class='ocrx_word' id='word_1_261' title='bbox 1086 3279 1163 3331; x_wconf 88' lang='lat' dir='ltr'>codd.</span> <span class='ocrx_word' id='word_1_262' title='bbox 1191 3271 1263 3328; x_wconf 85' lang='lat' dir='ltr'>listis</span> <span class='ocrx_word' id='word_1_263' title='bbox 1291 3275 1371 3328; x_wconf 82' lang='lat' dir='ltr'>modo</span> 
     </span>
     <span class='ocr_line' id='line_1_28' title="bbox 357 3360 1372 3428; baseline 0.002 -17"><span class='ocrx_word' id='word_1_264' title='bbox 357 3362 466 3428; x_wconf 81' lang='lat' dir='ltr'>aquiline</span> <span class='ocrx_word' id='word_1_265' title='bbox 484 3362 563 3413; x_wconf 89' lang='lat' dir='ltr'>modo</span> <span class='ocrx_word' id='word_1_266' title='bbox 582 3362 670 3413; x_wconf 81' lang='lat' dir='ltr'>scillae</span> <span class='ocrx_word' id='word_1_267' title='bbox 689 3360 824 3428; x_wconf 83' lang='lat' dir='ltr'>scribitur,</span> <span class='ocrx_word' id='word_1_268' title='bbox 849 3366 921 3415; x_wconf 84' lang='lat' dir='ltr'>sieut</span> <span class='ocrx_word' id='word_1_269' title='bbox 938 3362 1048 3417; x_wconf 84' lang='lat' dir='ltr'>llartial.</span> <span class='ocrx_word' id='word_1_270' title='bbox 1065 3362 1135 3428; x_wconf 89' lang='lat' dir='ltr'>Xlll,</span> <span class='ocrx_word' id='word_1_271' title='bbox 1152 3360 1187 3414; x_wconf 88' lang='grc'>83</span> <span class='ocrx_word' id='word_1_272' title='bbox 1204 3362 1232 3412; x_wconf 88' lang='lat' dir='ltr'>in</span> <span class='ocrx_word' id='word_1_273' title='bbox 1249 3360 1372 3413; x_wconf 74' lang='lat' dir='ltr'>lemmate</span> 
     </span>
     <span class='ocr_line' id='line_1_29' title="bbox 345 3442 1300 3518; baseline 0.001 -20"><span class='ocrx_word' id='word_1_274' title='bbox 345 3442 384 3497; x_wconf 79' lang='lat' dir='ltr'>¹et</span> <span class='ocrx_word' id='word_1_275' title='bbox 402 3462 428 3501; x_wconf 89' lang='lat' dir='ltr'>v.</span> <span class='ocrx_word' id='word_1_276' title='bbox 446 3444 463 3499; x_wconf 81' lang='lat'>2</span> <span class='ocrx_word' id='word_1_277' title='bbox 481 3448 541 3499; x_wconf 87' lang='lat' dir='ltr'>libri</span> <span class='ocrx_word' id='word_1_278' title='bbox 560 3450 651 3515; x_wconf 83' lang='lat' dir='ltr'>scripti</span> <span class='ocrx_word' id='word_1_279' title='bbox 670 3456 697 3500; x_wconf 89' lang='lat' dir='ltr'>et</span> <span class='ocrx_word' id='word_1_280' title='bbox 715 3448 779 3500; x_wconf 87' lang='lat' dir='ltr'>editi</span> <span class='ocrx_word' id='word_1_281' title='bbox 791 3450 865 3501; x_wconf 88' lang='lat' dir='ltr'>inter</span> <span class='ocrx_word' id='word_1_282' title='bbox 882 3459 1019 3518; x_wconf 77' lang='lat' dir='ltr'>utramque</span> <span class='ocrx_word' id='word_1_283' title='bbox 1036 3449 1148 3501; x_wconf 74' lang='lat' dir='ltr'>formem</span> <span class='ocrx_word' id='word_1_284' title='bbox 1164 3447 1300 3499; x_wconf 83' lang='lat' dir='ltr'>fluctuant.</span> 
     </span>
    </p>

    <p class='ocr_par' dir='ltr' id='par_1_5' title="bbox 303 3529 1371 3685">
     <span class='ocr_line' id='line_1_30' title="bbox 303 3529 1371 3601; baseline 0.002 -18"><span class='ocrx_word' id='word_1_285' title='bbox 303 3529 356 3593; x_wconf 80' lang='lat'>66)</span> <span class='ocrx_word' id='word_1_286' title='bbox 373 3532 418 3585; x_wconf 87' lang='lat' dir='ltr'>Sic</span> <span class='ocrx_word' id='word_1_287' title='bbox 440 3532 551 3588; x_wconf 79' lang='lat' dir='ltr'>llmtial.</span> <span class='ocrx_word' id='word_1_288' title='bbox 575 3533 613 3597; x_wconf 86' lang='lat' dir='ltr'>ll,</span> <span class='ocrx_word' id='word_1_289' title='bbox 635 3530 685 3597; x_wconf 85' lang='lat'>90,</span> <span class='ocrx_word' id='word_1_290' title='bbox 705 3533 737 3587; x_wconf 88' lang='grc'>10</span> <span class='ocrx_word' id='word_1_291' title='bbox 761 3536 873 3601; x_wconf 85' lang='lat' dir='ltr'>optimus</span> <span class='ocrx_word' id='word_1_292' title='bbox 898 3534 959 3587; x_wconf 76' lang='lat' dir='ltr'>corb</span> <span class='ocrx_word' id='word_1_293' title='bbox 984 3535 1127 3587; x_wconf 71' lang='lat' dir='ltr'>Vossianus</span> <span class='ocrx_word' id='word_1_294' title='bbox 1149 3533 1183 3592; x_wconf 77' lang='grc' dir='ltr'>Β.</span> <span class='ocrx_word' id='word_1_295' title='bbox 1206 3532 1313 3587; x_wconf 82' lang='lat' dir='ltr'>exhibet</span> <span class='ocrx_word' id='word_1_296' title='bbox 1332 3534 1371 3585; x_wconf 83' lang='lat' dir='ltr'>sie</span> 
     </span>
     <span class='ocr_line' id='line_1_31' title="bbox 356 3617 1370 3685; baseline 0.006 -18"><span class='ocrx_word' id='word_1_297' title='bbox 356 3634 411 3671; x_wconf 77' lang='lat' dir='ltr'>stoc</span> <span class='ocrx_word' id='word_1_298' title='bbox 434 3634 482 3685; x_wconf 82' lang='lat' dir='ltr'>pro</span> <span class='ocrx_word' id='word_1_299' title='bbox 506 3620 539 3669; x_wconf 84' lang='lat' dir='ltr'>sit</span> <span class='ocrx_word' id='word_1_300' title='bbox 556 3636 618 3673; x_wconf 72' lang='lat' dir='ltr'>noc.</span> <span class='ocrx_word' id='word_1_301' title='bbox 653 3620 726 3673; x_wconf 85' lang='lat' dir='ltr'>llurt.</span> <span class='ocrx_word' id='word_1_302' title='bbox 751 3619 778 3685; x_wconf 89' lang='lat'>1,</span> <span class='ocrx_word' id='word_1_303' title='bbox 801 3617 828 3685; x_wconf 87' lang='grc'>3,</span> <span class='ocrx_word' id='word_1_304' title='bbox 853 3621 868 3671; x_wconf 84' lang='lat' dir='ltr'>l</span> <span class='ocrx_word' id='word_1_305' title='bbox 893 3620 972 3672; x_wconf 80' lang='lat' dir='ltr'>codol.</span> <span class='ocrx_word' id='word_1_306' title='bbox 990 3620 1151 3685; x_wconf 83' lang='lat' dir='ltr'>l&#39;utceneus,</span> <span class='ocrx_word' id='word_1_307' title='bbox 1173 3621 1317 3675; x_wconf 83' lang='lat' dir='ltr'>Vossianus</span> <span class='ocrx_word' id='word_1_308' title='bbox 1340 3617 1370 3673; x_wconf 84' lang='lat' dir='ltr'>C.</span> 
     </span>
    </p>
   </div>
   <div class='ocr_carea' id='block_1_5' title="bbox 356 3702 1456 3773">
    <p class='ocr_par' dir='ltr' id='par_1_6' title="bbox 356 3702 1456 3773">
     <span class='ocr_line' id='line_1_32' title="bbox 356 3702 1456 3773; baseline 0.002 -19"><span class='ocrx_word' id='word_1_309' title='bbox 356 3702 455 3771; x_wconf 79' lang='lat' dir='ltr'>aliique</span> <span class='ocrx_word' id='word_1_310' title='bbox 474 3714 527 3755; x_wconf 85' lang='lat' dir='ltr'>tum</span> <span class='ocrx_word' id='word_1_311' title='bbox 543 3704 670 3771; x_wconf 78' lang='lat' dir='ltr'>praebent</span> <span class='ocrx_word' id='word_1_312' title='bbox 688 3722 735 3773; x_wconf 85' lang='lat' dir='ltr'>pro</span> <span class='ocrx_word' id='word_1_313' title='bbox 755 3724 826 3769; x_wconf 82' lang='lat' dir='ltr'>cum,</span> <span class='ocrx_word' id='word_1_314' title='bbox 852 3705 921 3757; x_wconf 86' lang='lat' dir='ltr'>unde</span> <span class='ocrx_word' id='word_1_315' title='bbox 940 3706 1086 3757; x_wconf 87' lang='lat' dir='ltr'>deteriores</span> <span class='ocrx_word' id='word_1_316' title='bbox 1109 3706 1170 3757; x_wconf 91' lang='lat' dir='ltr'>libri</span> <span class='ocrx_word' id='word_1_317' title='bbox 1193 3706 1284 3759; x_wconf 86' lang='lat' dir='ltr'>iecere</span> <span class='ocrx_word' id='word_1_318' title='bbox 1302 3715 1369 3769; x_wconf 84' lang='lat' dir='ltr'>tnm;</span> <span class='ocrx_word' id='word_1_319' title='bbox 1452 3739 1456 3747; x_wconf 88' lang='lat'>·</span> 
     </span>
    </p>
   </div>
   <div class='ocr_carea' id='block_1_6' title="bbox 353 3784 1369 4635">
    <p class='ocr_par' dir='ltr' id='par_1_7' title="bbox 353 3784 1369 4635">
     <span class='ocr_line' id='line_1_33' title="bbox 356 3784 1368 3861; baseline 0.004 -23"><span class='ocrx_word' id='word_1_320' title='bbox 356 3786 404 3852; x_wconf 91' lang='lat' dir='ltr'>lV,</span> <span class='ocrx_word' id='word_1_321' title='bbox 422 3784 466 3851; x_wconf 81' lang='grc'>64,</span> <span class='ocrx_word' id='word_1_322' title='bbox 486 3784 527 3841; x_wconf 80' lang='grc'>11.</span> <span class='ocrx_word' id='word_1_323' title='bbox 546 3788 604 3841; x_wconf 89' lang='lat' dir='ltr'>cod.</span> <span class='ocrx_word' id='word_1_324' title='bbox 623 3790 878 3843; x_wconf 85' lang='lat' dir='ltr'>Wollenbuttelanus</span> <span class='ocrx_word' id='word_1_325' title='bbox 897 3792 958 3842; x_wconf 84' lang='lat' dir='ltr'>latet</span> <span class='ocrx_word' id='word_1_326' title='bbox 975 3790 1054 3841; x_wconf 84' lang='lat' dir='ltr'>hebet</span> <span class='ocrx_word' id='word_1_327' title='bbox 1071 3807 1119 3861; x_wconf 89' lang='lat' dir='ltr'>pro</span> <span class='ocrx_word' id='word_1_328' title='bbox 1137 3795 1220 3855; x_wconf 82' lang='lat' dir='ltr'>s&#39;acct;</span> <span class='ocrx_word' id='word_1_329' title='bbox 1238 3791 1306 3857; x_wconf 84' lang='lat' dir='ltr'>vlit,</span> <span class='ocrx_word' id='word_1_330' title='bbox 1324 3790 1368 3855; x_wconf 83' lang='lat'>56,</span> 
     </span>
     <span class='ocr_line' id='line_1_34' title="bbox 356 3872 1369 3947; baseline 0.002 -22"><span class='ocrx_word' id='word_1_331' title='bbox 356 3872 399 3929; x_wconf 84' lang='lat'>21.</span> <span class='ocrx_word' id='word_1_332' title='bbox 419 3876 478 3927; x_wconf 82' lang='lat' dir='ltr'>cot.</span> <span class='ocrx_word' id='word_1_333' title='bbox 497 3874 635 3928; x_wconf 86' lang='lat' dir='ltr'>Thuaneus</span> <span class='ocrx_word' id='word_1_334' title='bbox 659 3878 796 3945; x_wconf 73' lang='lat' dir='ltr'>clientesque</span> <span class='ocrx_word' id='word_1_335' title='bbox 822 3895 869 3945; x_wconf 89' lang='lat' dir='ltr'>pro</span> <span class='ocrx_word' id='word_1_336' title='bbox 896 3880 1037 3947; x_wconf 78' lang='lat' dir='ltr'>ditataque.</span> <span class='ocrx_word' id='word_1_337' title='bbox 1072 3875 1133 3931; x_wconf 80' lang='lat' dir='ltr'>Tae.</span> <span class='ocrx_word' id='word_1_338' title='bbox 1151 3878 1218 3931; x_wconf 75' lang='lat' dir='ltr'>Ann.</span> <span class='ocrx_word' id='word_1_339' title='bbox 1236 3878 1283 3943; x_wconf 83' lang='lat' dir='ltr'>xi,</span> <span class='ocrx_word' id='word_1_340' title='bbox 1308 3873 1369 3929; x_wconf 85' lang='lat' dir='ltr'>let</span> 
     </span>
     <span class='ocr_line' id='line_1_35' title="bbox 357 3960 1367 4032; baseline 0.002 -20"><span class='ocrx_word' id='word_1_341' title='bbox 357 3960 426 4025; x_wconf 85' lang='lat' dir='ltr'>lllll,</span> <span class='ocrx_word' id='word_1_342' title='bbox 445 3961 486 4014; x_wconf 83' lang='grc'>21.</span> <span class='ocrx_word' id='word_1_343' title='bbox 504 3964 530 4013; x_wconf 95' lang='lat' dir='ltr'>in</span> <span class='ocrx_word' id='word_1_344' title='bbox 543 3963 718 4015; x_wconf 80' lang='lat' dir='ltr'>deterioribus</span> <span class='ocrx_word' id='word_1_345' title='bbox 729 3964 804 4016; x_wconf 88' lang='lat' dir='ltr'>libris</span> <span class='ocrx_word' id='word_1_346' title='bbox 816 3965 925 4017; x_wconf 87' lang='lat' dir='ltr'>verbum</span> <span class='ocrx_word' id='word_1_347' title='bbox 936 3966 1054 4017; x_wconf 75' lang='lat' dir='ltr'>excolere</span> <span class='ocrx_word' id='word_1_348' title='bbox 1064 3980 1113 4032; x_wconf 83' lang='lat' dir='ltr'>pro</span> <span class='ocrx_word' id='word_1_349' title='bbox 1123 3966 1245 4017; x_wconf 68' lang='lat' dir='ltr'>coicum</span> <span class='ocrx_word' id='word_1_350' title='bbox 1255 3965 1367 4032; x_wconf 79' lang='lat' dir='ltr'>legitur-3</span> 
     </span>
     <span class='ocr_line' id='line_1_36' title="bbox 361 4046 1366 4119; baseline 0.004 -22"><span class='ocrx_word' id='word_1_351' title='bbox 361 4046 506 4114; x_wconf 82' lang='lat' dir='ltr'>eodemque</span> <span class='ocrx_word' id='word_1_352' title='bbox 526 4048 647 4101; x_wconf 85' lang='lat' dir='ltr'>conlusio</span> <span class='ocrx_word' id='word_1_353' title='bbox 665 4052 795 4117; x_wconf 86' lang='lat' dir='ltr'>reperitur</span> <span class='ocrx_word' id='word_1_354' title='bbox 812 4050 880 4108; x_wconf 81' lang='lat' dir='ltr'>Plio.</span> <span class='ocrx_word' id='word_1_355' title='bbox 897 4052 967 4119; x_wconf 73' lang='lat' dir='ltr'>Epo.</span> <span class='ocrx_word' id='word_1_356' title='bbox 984 4048 1071 4117; x_wconf 77' lang='lat' dir='ltr'>lll,2‚</span> <span class='ocrx_word' id='word_1_357' title='bbox 1087 4053 1115 4105; x_wconf 83' lang='lat' dir='ltr'>ll.</span> <span class='ocrx_word' id='word_1_358' title='bbox 1149 4052 1262 4108; x_wconf 67' lang='lat' dir='ltr'>Maxime</span> <span class='ocrx_word' id='word_1_359' title='bbox 1279 4057 1366 4101; x_wconf 83' lang='lat' dir='ltr'>autem</span> 
     </span>
     <span class='ocr_line' id='line_1_37' title="bbox 357 4131 1365 4203; baseline 0.005 -21"><span class='ocrx_word' id='word_1_360' title='bbox 357 4131 549 4186; x_wconf 78' lang='lat' dir='ltr'>confunduntur</span> <span class='ocrx_word' id='word_1_361' title='bbox 566 4136 713 4203; x_wconf 83' lang='lat' dir='ltr'>particulae</span> <span class='ocrx_word' id='word_1_362' title='bbox 731 4154 763 4189; x_wconf 86' lang='lat' dir='ltr'>ac</span> <span class='ocrx_word' id='word_1_363' title='bbox 781 4144 807 4189; x_wconf 84' lang='lat' dir='ltr'>ct</span> <span class='ocrx_word' id='word_1_364' title='bbox 825 4146 867 4201; x_wconf 80' lang='lat' dir='ltr'>ut,</span> <span class='ocrx_word' id='word_1_365' title='bbox 885 4155 918 4188; x_wconf 83' lang='lat' dir='ltr'>oc</span> <span class='ocrx_word' id='word_1_366' title='bbox 936 4146 1020 4189; x_wconf 83' lang='lat' dir='ltr'>tomen</span> <span class='ocrx_word' id='word_1_367' title='bbox 1038 4145 1064 4189; x_wconf 88' lang='lat' dir='ltr'>et</span> <span class='ocrx_word' id='word_1_368' title='bbox 1082 4146 1208 4201; x_wconf 76' lang='lat' dir='ltr'>ottmnco,</span> <span class='ocrx_word' id='word_1_369' title='bbox 1232 4153 1290 4189; x_wconf 82' lang='lat' dir='ltr'>eum</span> <span class='ocrx_word' id='word_1_370' title='bbox 1306 4152 1365 4187; x_wconf 82' lang='grc' dir='ltr'><strong>ιιια-</strong></span> 
     </span>
     <span class='ocr_line' id='line_1_38' title="bbox 354 4219 1364 4287; baseline 0.005 -20"><span class='ocrx_word' id='word_1_371' title='bbox 354 4219 422 4269; x_wconf 78' lang='lat' dir='ltr'>oeimt</span> <span class='ocrx_word' id='word_1_372' title='bbox 441 4226 467 4269; x_wconf 84' lang='lat' dir='ltr'>ct</span> <span class='ocrx_word' id='word_1_373' title='bbox 485 4229 536 4271; x_wconf 82' lang='lat' dir='ltr'>tum</span> <span class='ocrx_word' id='word_1_374' title='bbox 554 4225 675 4275; x_wconf 73' lang='lat' dir='ltr'>maxime.</span> <span class='ocrx_word' id='word_1_375' title='bbox 711 4221 750 4275; x_wconf 83' lang='lat' dir='ltr'>Cf.</span> <span class='ocrx_word' id='word_1_376' title='bbox 762 4221 895 4274; x_wconf 84' lang='lat' dir='ltr'>Drakenb.</span> <span class='ocrx_word' id='word_1_377' title='bbox 915 4222 947 4275; x_wconf 86' lang='lat' dir='ltr'>od</span> <span class='ocrx_word' id='word_1_378' title='bbox 965 4223 1021 4275; x_wconf 82' lang='lat' dir='ltr'>biv.</span> <span class='ocrx_word' id='word_1_379' title='bbox 1039 4222 1092 4287; x_wconf 89' lang='lat'>111,</span> <span class='ocrx_word' id='word_1_380' title='bbox 1110 4223 1159 4286; x_wconf 90' lang='grc'>61,</span> <span class='ocrx_word' id='word_1_381' title='bbox 1177 4223 1202 4275; x_wconf 76' lang='lat' dir='ltr'>ll.</span> <span class='ocrx_word' id='word_1_382' title='bbox 1222 4230 1248 4273; x_wconf 90' lang='lat' dir='ltr'>et</span> <span class='ocrx_word' id='word_1_383' title='bbox 1266 4221 1299 4272; x_wconf 88' lang='lat' dir='ltr'>nd</span> <span class='ocrx_word' id='word_1_384' title='bbox 1317 4220 1364 4273; x_wconf 89' lang='lat' dir='ltr'>Sil.</span> 
     </span>
     <span class='ocr_line' id='line_1_39' title="bbox 353 4300 1364 4368; baseline 0.003 -13"><span class='ocrx_word' id='word_1_385' title='bbox 353 4300 411 4355; x_wconf 80' lang='lat' dir='ltr'>ital.</span> <span class='ocrx_word' id='word_1_386' title='bbox 429 4302 476 4368; x_wconf 85' lang='lat' dir='ltr'>Vl,</span> <span class='ocrx_word' id='word_1_387' title='bbox 496 4302 554 4357; x_wconf 82' lang='lat'><strong>190.</strong></span> <span class='ocrx_word' id='word_1_388' title='bbox 572 4323 604 4359; x_wconf 89' lang='lat' dir='ltr'>ao</span> <span class='ocrx_word' id='word_1_389' title='bbox 616 4307 777 4359; x_wconf 84' lang='lat' dir='ltr'>Waltberum</span> <span class='ocrx_word' id='word_1_390' title='bbox 795 4310 822 4359; x_wconf 89' lang='lat' dir='ltr'>in</span> <span class='ocrx_word' id='word_1_391' title='bbox 838 4309 925 4360; x_wconf 90' lang='lat' dir='ltr'>indice</span> <span class='ocrx_word' id='word_1_392' title='bbox 943 4317 1042 4366; x_wconf 78' lang='lat' dir='ltr'>annoti.</span> <span class='ocrx_word' id='word_1_393' title='bbox 1055 4308 1103 4361; x_wconf 92' lang='lat' dir='ltr'>sub</span> <span class='ocrx_word' id='word_1_394' title='bbox 1120 4325 1197 4362; x_wconf 85' lang='lat' dir='ltr'>voce.</span> <span class='ocrx_word' id='word_1_395' title='bbox 1217 4326 1250 4359; x_wconf 83' lang='lat' dir='ltr'>ac</span> <span class='ocrx_word' id='word_1_396' title='bbox 1267 4317 1294 4361; x_wconf 83' lang='lat' dir='ltr'>ei</span> <span class='ocrx_word' id='word_1_397' title='bbox 1306 4325 1364 4358; x_wconf 86' lang='lat' dir='ltr'>cum</span> 
     </span>
     <span class='ocr_line' id='line_1_40' title="bbox 355 4390 1363 4464; baseline 0.01 -24"><span class='ocrx_word' id='word_1_398' title='bbox 355 4396 434 4458; x_wconf 90' lang='lat' dir='ltr'>atque</span> <span class='ocrx_word' id='word_1_399' title='bbox 458 4390 573 4445; x_wconf 83' lang='lat' dir='ltr'>virorum</span> <span class='ocrx_word' id='word_1_400' title='bbox 597 4392 732 4445; x_wconf 84' lang='lat' dir='ltr'>doctorum</span> <span class='ocrx_word' id='word_1_401' title='bbox 757 4397 973 4459; x_wconf 82' lang='lat' dir='ltr'>commentarios,</span> <span class='ocrx_word' id='word_1_402' title='bbox 997 4395 1030 4447; x_wconf 81' lang='lat' dir='ltr'>etl</span> <span class='ocrx_word' id='word_1_403' title='bbox 1056 4410 1122 4463; x_wconf 84' lang='lat' dir='ltr'>quos</span> <span class='ocrx_word' id='word_1_404' title='bbox 1146 4394 1184 4447; x_wconf 88' lang='lat' dir='ltr'>ibi</span> <span class='ocrx_word' id='word_1_405' title='bbox 1205 4394 1363 4464; x_wconf 81' lang='lat' dir='ltr'>relegamur.</span> 
     </span>
     <span class='ocr_line' id='line_1_41' title="bbox 353 4473 1364 4549; baseline 0.011 -24"><span class='ocrx_word' id='word_1_406' title='bbox 353 4473 393 4527; x_wconf 87' lang='lat' dir='ltr'>lle</span> <span class='ocrx_word' id='word_1_407' title='bbox 411 4477 580 4531; x_wconf 83' lang='lat' dir='ltr'>similitudino</span> <span class='ocrx_word' id='word_1_408' title='bbox 597 4479 730 4531; x_wconf 84' lang='lat' dir='ltr'>literarum</span> <span class='ocrx_word' id='word_1_409' title='bbox 754 4497 768 4530; x_wconf 88' lang='lat' dir='ltr'>c</span> <span class='ocrx_word' id='word_1_410' title='bbox 792 4488 819 4531; x_wconf 86' lang='lat' dir='ltr'>st</span> <span class='ocrx_word' id='word_1_411' title='bbox 841 4489 850 4531; x_wconf 90' lang='lat' dir='ltr'>t</span> <span class='ocrx_word' id='word_1_412' title='bbox 873 4481 901 4532; x_wconf 92' lang='lat' dir='ltr'>in</span> <span class='ocrx_word' id='word_1_413' title='bbox 923 4482 1051 4549; x_wconf 78' lang='lat' dir='ltr'>scripturn</span> <span class='ocrx_word' id='word_1_414' title='bbox 1067 4479 1267 4549; x_wconf 74' lang='lat' dir='ltr'>langobardica</span> <span class='ocrx_word' id='word_1_415' title='bbox 1292 4481 1364 4536; x_wconf 79' lang='lat' dir='ltr'>conl.</span> 
     </span>
     <span class='ocr_line' id='line_1_42' title="bbox 353 4558 1362 4635; baseline 0.009 -22"><span class='ocrx_word' id='word_1_416' title='bbox 353 4558 486 4619; x_wconf 83' lang='lat' dir='ltr'>Drakanb.</span> <span class='ocrx_word' id='word_1_417' title='bbox 499 4563 533 4615; x_wconf 80' lang='lat' dir='ltr'>ad</span> <span class='ocrx_word' id='word_1_418' title='bbox 544 4564 601 4623; x_wconf 85' lang='lat' dir='ltr'>Liv.</span> <span class='ocrx_word' id='word_1_419' title='bbox 613 4564 663 4631; x_wconf 89' lang='lat' dir='ltr'>Vl,</span> <span class='ocrx_word' id='word_1_420' title='bbox 680 4563 729 4631; x_wconf 84' lang='lat'>35,</span> <span class='ocrx_word' id='word_1_421' title='bbox 747 4564 764 4617; x_wconf 81' lang='lat'><strong><em>2</em></strong></span> <span class='ocrx_word' id='word_1_422' title='bbox 783 4574 809 4617; x_wconf 88' lang='lat' dir='ltr'>et</span> <span class='ocrx_word' id='word_1_423' title='bbox 819 4564 926 4635; x_wconf 82' lang='lat' dir='ltr'>Sciopp.</span> <span class='ocrx_word' id='word_1_424' title='bbox 943 4568 978 4623; x_wconf 81' lang='lat' dir='ltr'>ds</span> <span class='ocrx_word' id='word_1_425' title='bbox 988 4575 1044 4620; x_wconf 83' lang='lat' dir='ltr'>arto</span> <span class='ocrx_word' id='word_1_426' title='bbox 1057 4568 1115 4625; x_wconf 82' lang='lat' dir='ltr'>crit.</span> <span class='ocrx_word' id='word_1_427' title='bbox 1127 4575 1266 4622; x_wconf 84' lang='lat' dir='ltr'>comment.</span> <span class='ocrx_word' id='word_1_428' title='bbox 1283 4583 1306 4625; x_wconf 82' lang='lat' dir='ltr'>s.</span> <span class='ocrx_word' id='word_1_429' title='bbox 1317 4582 1362 4622; x_wconf 81' lang='grc' dir='ltr'>ιι.</span> 
     </span>
    </p>
   </div>
   <div class='ocr_carea' id='block_1_7' title="bbox 0 0 1768 5500">
    <p class='ocr_par' dir='ltr' id='par_1_8' title="bbox 0 0 1768 5500">
     <span class='ocr_line' id='line_1_43' title="bbox 0 0 1768 5500; baseline 0 0"><span class='ocrx_word' id='word_1_430' title='bbox 0 0 1768 5500; x_wconf 95' lang='lat' dir='ltr'> </span> 
     </span>
    </p>
   </div>
  </div>
 </body>
</html>
