3525 5500
817 698 833 751 7

753 777 907 789 -n——n-

284 908 380 951 eoram
407 894 518 951 nescius
547 909 624 964 rum,
646 910 718 965 qaae
745 912 772 951 u.
802 896 836 951 cl.
858 894 1102 965 Schneidemlnns,
1126 907 1204 966 quem
1225 893 1383 965 magistrum

284 1011 371 1054 meum
400 1012 451 1068 ea,
480 1012 531 1069 qua
560 1014 611 1069 pur
645 1005 706 1068 cst,
735 1000 838 1070 pietate
873 1006 956 1069 atque
991 998 1162 1055 observantia
1191 1012 1326 1068 veneror,
1355 997 1383 1051 in

284 1100 418 1172 l’rolcgg.
438 1102 475 1156 ad
495 1100 642 1157 editionem
656 1102 785 1157 blartialis
805 1119 832 1173 p.
855 1101 924 1158 cttt.
946 1116 1005 1173 sqq.
1035 1102 1118 1157 docte
1140 1100 1176 1157 ιιιΙ
1194 1100 1327 1157 subtiliter
1348 1101 1383 1155 de

281 1204 390 1261 ratione
411 1203 572 1275 disputarit,
596 1220 647 1274 qua
663 1202 702 1258 illi
724 1205 916 1263 emendatores
929 1204 1027 1260 ultimis
1049 1204 1153 1275 imperil
1175 1204 1289 1259 Romani
1310 1208 1382 1259 tem·

277 1304 399 1377 'poribus
410 1306 445 1361 ad
459 1305 584 1362 codicum
600 1308 728 1362 listoram
747 1308 844 1364 menda
859 1314 888 1364 et
903 1307 1072 1379 corruptelas
1088 1306 1252 1377 corrigenda
1265 1306 1306 1361 usi
1322 1308 1382 1364 sint.

283 1409 355 1465 Sane
370 1424 435 1479 ego
457 1410 608 1466 concedam
622 1410 683 1465 viro
705 1410 884 1481 doctissimo,
907 1411 978 1466 siout
999 1418 1109 1466 veteres
1129 1409 1226 1465 Graeci
1249 1416 1278 1465 ct
1297 1410 1382 1465 Latini

282 1526 411 1568 nmmum
430 1512 457 1567 in
480 1528 516 1568 eo
538 1514 695 1584 posuissent
716 1514 848 1584 studium,
870 1520 901 1569 ιιι
922 1514 1037 1570 codices
1058 1512 1256 1571 vetustissimos
1279 1520 1307 1569 et
1329 1514 1382 1570 lide

283 1613 459 1684 dignissimos
473 1615 682 1685 corraderent,
705 1632 759 1687 qno
772 1617 876 1672 certius
897 1617 933 1673 dc
947 1618 1086 1689 ⁸scriptura
1100 1617 1221 1689 ipsorum
1243 1624 1383 1675 auctorum

281 1725 437 1788 constaret,
457 1742 497 1758 --
510 1719 539 1773 id
559 1719 634 1789 quod
653 1719 780 1775 Lehrsim
794 1720 830 1775 de
844 1720 995 1776 Aristarchi
1008 1720 1084 1775 Stud.
1096 1718 1174 1776 llum.
1190 1736 1216 1792 p.
1232 1719 1307 1775 366.
1322 1736 1382 1791 sqq.

280 1820 410 1891 probarit
433 1844 464 1857 -·
497 1819 535 1876 ita
555 1820 620 1876 illos
633 1821 824 1878 emendatores
842 1838 954 1894 quoqne
965 1822 1177 1882 emendatiorum
1190 1822 1382 1895 exemplarium

279 1920 436 1993 scripturae
456 1922 526 1978 adeo
540 1901 668 1979 addictos
688 1925 789 1996 luisse,
812 1933 842 1981 ot
863 1926 917 1984 lide
938 1934 1106 1983 vetustorum
1125 1928 1254 1983 librorum
1275 1928 1382 1997 integra

280 2016 391 2081 ¹serrata
420 2032 520 2081 tantum
549 2037 673 2083 errores·
688 2028 858 2085 librariorum
880 2028 1053 2101 expulissent
1079 2031 1181 2101 vixque
1202 2032 1293 2087 locum
1315 2044 1382 2086 suae

275 2128 402 2199 ipsorum
423 2129 553 2185 andaciae
575 2132 792 2187 concessissent:
815 2146 973 2203 quamquam
999 2133 1060 2205 ipae
1081 2132 1306 2189 Schneidewinus
1326 2148 1383 2188 noa

280 2238 383 2301 negat,
411 2232 482 2287 lieri·
499 2234 643 2304 aliquando
664 2236 806 2306 potuisse,
834 2244 864 2291 nt
891 2236 991 2307 singuli
1020 2236 1046 2291 in
1068 2236 1183 2307 singulis
1204 2236 1383 2307 scriptoribus

283 2334 344 2405 plus
366 2333 418 2410 sibi
435 2334 506 2406 juris
525 2344 696 2408 arrogarent.
740 2338 841 2409 Neque
857 2339 1021 2395 aduersarer
1047 2340 1165 2410 egregio
1194 2338 1290 2395 critico
1313 2340 1383 2395 bace

284 2438 407 2493 addenti:
433 2438 552 2495 Tantum
577 2440 666 2513 igitur
693 2440 789 2512 obest,
818 2450 851 2497 ct
877 2440 943 2499 tttrt
979 2420 1189 2518 ἇδιὸρθωτοι
1223 2443 1300 2514 digai
1328 2444 1384 2497 sirm

281 2542 392 2612 majore
428 2543 499 2615 pide,
535 2551 568 2599 ut
602 2546 651 2617 qut
685 2543 893 2617 mtsempdone
923 2546 1149 2602 emendationem
1176 2552 1384 2616 contestantur,

282 2643 365 2715 longo
379 2652 534 2717 proestare
548 2643 712 2717 rideantur}
733 2664 890 2718 quamquam
902 2648 950 2704 tibi
966 2656 1008 2705 est
1022 2650 1181 2721 carendum,
1197 2664 1335 2705 neomnes
1349 2649 1386 2704 li·

279 2746 348 2802 bros
358 2746 456 2817 Mutus,
473 2763 586 2818 qaorum
596 2749 699 2806 librarii
710 2751 938 2822 subscriptionem
952 2753 1136 2810 emendatoris
1148 2759 1243 2824 utpote
1254 2754 1287 2808 ab
1301 2751 1386 2824 ipsius

280 2848 426 2920 scriptoris
449 2850 575 2906 oratione
596 2852 728 2923 alienam,
750 2855 961 2926 exorchetppc
984 2871 1039 2911 nun
1055 2855 1275 2926 descripserunt,
1300 2855 1335 2910 ob
1358 2855 1386 2909 id

281 2952 369 3023 ipsum
382 2952 471 3007 statim
492 2952 563 3008 inter
583 2931 817 3030 ἆδιορθῶτους
838 2957 953 3014 codices
973 2959 1087 3015 releras.
1131 2958 1182 3015 liic
1197 2957 1319 3028 Rhodus,
1341 2957 1386 3013 hic

282 3055 361 3110 snlta.
405 3054 462 3111 Sed
475 3055 532 3113 boc
552 3058 637 3116 mitto.
680 3059 874 3130 Nonneigitnr
889 3068 1018 3133 apparet,
1041 3062 1162 3134 inquies,
1184 3063 1218 3119 iis
1234 3061 1385 3133 codicibus,

283 3173 354 3228 qnos
375 3160 541 3229 posterioris
563 3162 695 3234 temporis
716 3133 819 3218 librarii
841 3181 877 3219 ex
905 3165 959 3220 illis
981 3166 1047 3238 ipsis
1068 3167 1267 3238 exemplaribus
1289 3182 1304 3221 a
1335 3181 1385 3221 oa-

281 3261 344 3314 laari
367 3263 506 3317 erroribus
531 3265 656 3335 purgetis
683 3273 756 3321 tanta
786 3267 839 3322 bde
869 3268 1090 3341 descripserunt,
1119 3275 1216 3340 quanta
1237 3269 1264 3324 in
1287 3267 1386 3324 codice

285 3363 413 3418 blediceo
426 3363 514 3419 Taciti
528 3366 627 3420 lactum
642 3375 702 3437 est,
725 3370 807 3424 verbu
827 3371 970 3442 scriptoris
984 3372 1050 3428 satis
1064 3372 1204 3428 emendata
1227 3377 1255 3427 et
1268 3369 1387 3441 genuina

285 3474 394 3521 servata
416 3467 506 3524 esse?
548 3468 587 3524 lla
609 3475 669 3541 est,
698 3471 722 3527 si
746 3472 853 3541 quando
875 3473 938 3528 talis
959 3475 1115 3545 recognitio
1138 3473 1338 3546 subscriptione
1359 3472 1387 3526 in

281 3567 358 3624 libris
380 3570 475 3641 listis,
490 3585 568 3641 ¹quos
589 3572 698 3628 iortuna
726 3589 875 3645 superesse
900 3575 1001 3648 voluit,
1029 3583 1138 3648 repertu
1167 3579 1307 3650 probatur.
1351 3576 1388 3631 Αι

282 3685 338 3740 ego
368 3672 393 3726 is
422 3689 498 3742 sum,
522 3672 567 3744 qui
597 3691 696 3745 negem
726 3693 949 3750 pernegemqoe,
979 3679 1145 3736 aSallustio
1175 3682 1223 3737 illo
1253 3687 1387 3737 vetustum

279 3771 371 3828 ΙἸἰιίιί
393 3776 550 3848 exemplar,
579 3777 653 3834 unde
680 3781 773 3836 codex
795 3783 880 3838 Mutus
902 3783 1041 3838 lledlceus
1071 3790 1099 3839 et
1126 3783 1222 3855 reliqui
1253 3783 1388 3854 originem

280 3875 434 3949 duxerunt,
458 3880 627 3935 emendatum
649 3881 742 3938 luisse.
788 3883 867 3952 Quae
889 3901 924 3941 ne
946 3891 1050 3942 temere
1065 3887 1110 3944 vel
1132 3887 1293 3943 insolentius
1312 3887 1387 3957 jacta

283 3995 347 4035 ease
369 3980 528 4054 videantur,
550 3990 634 4055 utque
655 3985 741 4042 labae
763 3988 885 4058 opinioni
899 3996 952 4044 tum
975 3990 1020 4045 diu
1041 3995 1213 4062 propagatae
1236 4003 1388 4058 occurram,

287 4098 323 4136 ne
344 4089 419 4138 tanta
441 4083 661 4142 doctissimorum
682 4087 802 4144 'uirorum
824 4091 1101 4148 auotoritateveritas
1123 4094 1150 4148 in
1172 4101 1312 4165 posterum
1335 4091 1389 4150 ob-

283 4185 439 4256 umbretur,
462 4185 533 4243 haud
555 4187 672 4245 alienum
694 4187 727 4246 'ub
741 4209 774 4248 re
794 4193 919 4264 ridetur,
942 4197 1024 4266 paulo
1040 4197 1192 4252 accuratius
1215 4203 1296 4267 atque
1318 4195 1389 4254 uhe-

284 4285 340 4343 rius
362 4286 389 4341 in
418 4288 496 4344 istum
518 4291 637 4348 Sallustii
664 4293 893 4368 subscriptionem
921 4298 1075 4370 inquirere,
1105 4316 1183 4370 quum
1212 4297 1277 4356 viris
1301 4298 1390 4358 doctis

284 4387 426 4463 bucusque
452 4392 562 4462 placuit
612 4395 648 4451 Et
667 4395 810 4455 Ernestius
833 4399 943 4472 quidem
968 4417 1002 4456 ac
1023 4401 1164 4474 Rpcluius,
1188 4403 1285 4473 quitus
1307 4405 1388 4460 Wal-

283 4489 344 4548 ιιι,
366 4489 476 4560 (rnen
504 4513 532 4567 p.
564 4493 656 4564 xvi.)
686 4507 716 4558 u
735 4500 881 4572 spemn
901 4481 1009 4568 (nisu.
1036 4521 1064 4576 p.
1093 4503 1226 4570 novin.)
1257 4523 1391 4564 annume-

259 4593 361 4678 randi
386 4603 467 4667 suat,
490 4613 540 4669 ca,
570 4615 640 4671 quae
657 4602 787 4690 ¹l’icbnua
809 4604 837 4660 in
864 4605 958 4662 Praei.
980 4607 1108 4664 editionis
1139 4609 1174 4666 de
1197 4611 1297 4669 codice
1318 4613 1391 4669 blsto
