3525 5500
750 655 902 754 Lu„

276 861 363 917 aicae
386 853 512 932 mipibis'
534 861 649 916 marato
666 863 766 934 patria
796 851 990 916 Romanorum
1016 860 1131 916 aoniae
1161 856 1378 931 apamenis·

269 971 454 1024 vocaremur.
499 960 555 1020 Sed
591 979 672 1034 quum
698 965 746 1021 ille
775 965 865 1020 olla.
894 951 967 1020 nom
990 963 1161 1035 prodidisset
1179 976 1275 1033 eoque
1296 971 1374 1016 eom·

271 1065 502 1138 pendio‘nomett
531 1065 678 1136 significari
707 1067 847 1138 dixisset,·
870 1078 949 1138 qnam
971 1067 1079 1137 quidem
1101 1066 1215 1121 formem
1234 1059 1318 1121 etiam
1333 1064 1373 1118 *m

269 1169 334 1225 lali.
356 1167 419 1224 edd.
442 1167 663 1240 spin'Beroald.
684 1169 829 1241 exhibere
861 1163 959 1226 amnes
988 1169 1110 1228 editores
1132 1169 1292 1240 summram
1312 1182 1375 1224 ao*

268 1273 345 1327 suine
374 1278 553 1343 respuerant,
582 1272 705 1343 plerique
740 1273 887 1329 lectionem
915 1289 1023 1328 aoman-
1050 1272 1245 1342 quoquomodo
1275 1273 1374 1327 acriter

271 1373 424 1431 defendere
452 1375 629 1446 studuerunt,
658 1377 738 1447 pauei
767 1375 851 1431 verba
883 1376 1077 1430 Romanorum
1105 1391 1207 1430 nomen
1235 1374 1262 1428 in
1285 1377 1378 1445 suspi-

270 1477 380 1534 tionem
409 1476 583 1532 additamenti
613 1493 650 1532 ex
667 1478 802 1549 'margine
831 1477 1007 1548 antiquissimi
1036 1476 1174 1533 cuiusdam
1204 1476 1266 1532 libri
1288 1479 1374 1533 textui

268 1579 366 1635 inserti
386 1579 566 1635 adduxerunt.
611 1580 693 1637 (terte
714 1581 821 1651 utrique
841 1596 898 1636 non
920 1581 956 1635 ita
979 1579 1127 1650 iecissent,
1150 1579 1174 1634 si
1196 1579 1374 1654 consideras-

269 1687 332 1738 sent
355 1678 525 1752 compendio¹
549 1667 622 1738 nom
653 1699 740 1754 aeque
767 1683 892 1738 oomioe‘
911 1699 945 1738 ae
972 1699 1074 1738 nomen
1095 1681 1259 1755 significari:
1278 1697 1373 1762 ¹neque

269 1772 324 1840 illis¹
346 1783 430 1842 lentio
452 1801 556 1841 nomeu
579 1784 721 1840 admodum
735 1785 868 1856 elegans,
892 1801 982 1856 neque
1003 1786 1045 1843 bis
1066 1785 1184 1842 insiticia
1207 1784 1264 1842 visa
1287 1790 1373 1840 esset.

268 1886 313 1952 Et,
326 1886 504 1946 admiraorer
525 1873 608 1952 Μ)
631 1888 739 1958 quidem
760 1887 887 1944 leotionis
909 1905 1014 1952 nomen
1036 1888 1140 1958 liitter,
1163 1886 1283 1957 quanvis
1305 1885 1372 1941 stri-

274 1989 355 2060 etim,
374 1989 450 2046 boue
471 1997 560 2046 tamen
573 1991 715 2047 refutauit:
737 1991 864 2062 idemque
886 1991 1084 2047 concedituix'
1097 1989 1373 2069 quidquam'restare,

275 2091 329 2148 nisi
356 2098 385 2146 ut
406 2095 519 2150 nomiae
532 2095 679 2165 scribatur,
703 2094 777 2165 qnod
791 2093 856 2149 ideo
871 2101 972 2149 lantum
993 2093 1114 2165 respuit,
1137 2091 1198 2162 quia
1219 2107 1255 2147 ex
1275 2105 1371 2147 errore

271 2193 336 2250 inde
359 2191 447 2250 aJao.
464 2193 605 2252 Gronovio
628 2183 783 2270 propagato
806 2195 833 2250 in
850 2197 900 2251 lla.
923 2213 1025 2252 nomen
1048 2195 1150 2253 diserte
1163 2182 1371 2268 legi'opinatus

274 2297 388 2362 lormam
410 2299 523 2354 nomine
539 2315 574 2353 ex
596 2316 698 2358 aomeo
721 2299 755 2354 ab
772 2299 969 2370 interpolatore
992 2298 1167 2355 inclamasse
1188 2303 1273 2368 putat.
1317 2295 1374 2352 Cir.

271 2399 307 2455 de
330 2399 471 2480 loeutieue
494 2402 590 2476 aliquo
612 2404 725 2458 uomina
748 2402 872 2473 aliquem
893 2418 998 2459 uocare
1027 2400 1196 2462 Geruu28:
1221 2397 1309 2455 libii.
1335 2441 1341 2453 .
1366 2437 1373 2454 .

271 2500 411 2560 libentius
433 2503 653 2576 Aprippineasea
672 2479 842 2562 eruditoris
866 2505 914 2561 sai
934 2505 1078 2561 aomina
1105 2499 1315 2572 obeuntum
1343 2501 1375 2557 ll.

268 2605 297 2676 1,
323 2603 372 2660 itt.
394 2617 434 2677 pn.
459 2607 565 2662 ioelum
685 2608 810 2680 equestri
826 2602 984 2662 'nomiae
1007 2607 1188 2661 Marcianum
1217 2606 1376 2660 auaitu-

269 2699 367 2765 boa't.
411 2707 454 2764 Ad
483 2710 566 2766 verba
589 2695 786 2765 Romanorum*
803 2709 933 2780 nomiae,
963 2723 1014 2781 pro
1028 2697 1134 2780 ⁴quibus
1165 2704 1237 2764 band
1258 2707 1317 2763 seio
1340 2723 1375 2762 an

268 2819 347 2869 recte
362 2791 484 2867 Faernus
500 2812 661 2868 Romano
684 2812 796 2869 aomina
812 2810 935 2867 substitui
951 2812 1078 2884 voluerit,
1092 2819 1156 2884 apte
1167 2807 1264 2867 ¹attulit
1276 2809 1376 2865 Kiess·

269 2912 372 2986 linglns
394 2931 430 2978 nx
452 2915 485 2974 ll.
507 2916 562 2987 lv,
585 2916 634 2971 ol.
657 2932 761 2983 nomen
785 2915 955 2982 Germaniae
976 2915 994 2971 'n
1018 2932 1042 2971 e.
1064 2932 1168 2983 nomen
1192 2912 1332 2971 Ubiorum.

343 3060 347 3069 .
371 3017 483 3088 Syllaba
505 3035 554 3089 er,
594 3020 694 3090 quippe
717 3034 786 3089 quae
810 3018 838 3071 ia
866 3018 950 3086 libris,
972 3019 1048 3074 blatis
1075 3018 1239 3090 compendio
1261 3043 1279 3059 -
1302 3023 1347 3072 aut
1360 3032 1377 3049 ⁶

268 3095 341 3175 aut’
365 3120 513 3206 significari
529 3122 619 3177 soleat
646 3116 740 3192 Ηὓ),
761 3121 857 3192 partim
872 3122 945 3177 mele
955 3121 1112 3193 intellecta,
1133 3122 1230 3193 partim
1244 3121 1375 3192 neglecta

271 3278 526 3290 ...-—-,-—

290 3358 354 3424 tin)
372 3358 402 3413 Ia
421 3377 529 3413 numero
555 3376 645 3413 eorum
671 3362 747 3422 etiam
772 3359 886 3411 lacebus
912 3361 1049 3413 habendus
1068 3369 1125 3423 est,
1152 3360 1231 3427 quil.
1251 3360 1312 3426 lp.
1333 3358 1376 3425 23,

357 3453 504 3513 postquam·
521 3460 582 3507 eos,
609 3447 653 3513 qui
677 3444 758 3495 verba
789 3444 964 3498 Romanorum
987 3445 1377 3509 nomm.eiieienda..oensem‚

273 3561 276 3569 ·
310 3564 313 3572 ‹
356 3531 428 3599 bopo
450 3532 645 3599 interrogauitp
662 3532 723 3597 qais
747 3530 794 3581 ille
819 3530 882 3583 talia
906 3533 1055 3598 appiaxerit
1073 3540 1099 3582 et
1117 3549 1170 3600 qno
1189 3532 1320 3595 considio,
1339 3533 1378 3584 si-

352 3618 463 3685 *astque*
486 3618 590 3670 monuit
618 3616 826 3685 indignationem
847 3614 1053 3669 nummorum·
1074 3620 1106 3669 iis
1136 3618 1225 3669 verbis
1250 3617 1376 3681 describi,

353 3702 441 3771 loquar
459 3701 646 3769 distinguendo
664 3717 772 3753 sanasse
790 3701 841 3753 sibi
858 3704 931 3754 uisus
951 3711 1003 3754 ast.
1038 3703 1075 3754 lta
1086 3706 1163 3769 ,enim
1180 3703 1375 3755 sonibiiussit:

353 3789 421 3854 qaod
435 3805 498 3857 qaas
521 3787 549 3839 G.
568 3804 591 3836 o.
611 3790 713 3839 eiurato
737 3789 828 3855 patria
845 3810 877 3823 ·-
898 3788 1073 3838 Romanorum
1090 3806 1182 3839 aroma
1199 3812 1231 3825 -·
1249 3789 1377 3856 Aprippi-

349 3890 439 3927 nouam
456 3883 621 3935 uocarentur,
635 3881 758 3940 tauquam
772 3872 928 3925 exclamatio
941 3873 1132 3941 indignantium
1144 3876 1258 3926 orationi
1273 3874 1371 3925 Taciti-

352 3974 407 4013 nae
421 3960 577 4025 interposita
596 3967 681 4021 esset,
700 3958 817 4026 idquod
832 3960 878 4011 ¹uix
898 3961 1019 4027 cuiquam
1036 3960 1177 4026 placuerit.
1281 3964 1285 3972 '

287 4042 352 4108 itit)
372 4044 416 4097 Sin
441 4044 505 4097 liist.
528 4040 741 4109 lll,61·a”boi.
760 4060 782 4097 e.
802 4045 884 4097 aerbo
901 4047 928 4097 in
947 4047 1056 4112 ldapro
1073 4046 1146 4113 vulg.
1165 4045 1377 4111 manuscriptum

274 4178 278 4189 ,
362 4138 416 4210 ρεῑς
441 4130 563 4198 idemque
583 4130 651 4183 liber
673 4132 701 4181 io
719 4130 916 4199 subscriptione
934 4132 1052 4199 Sallqstii
1070 4147 1148 4198 snpra
1167 4131 1247 4182 allata
1272 4130 1378 4182 exhibet

350 4216 480 4267 siruamus
488 4218 542 4269 itet
553 4218 741 4271 oontrouersios
755 4224 781 4267 et
793 4218 820 4267 in
833 4218 1006 4278 initialibli.
1018 4218 1120 4272 bletam.
1130 4218 1225 4285 Appul.
1234 4221 1308 4294 ppt·
1326 4220 1344 4271 i.
1354 4234 1379 4273 e.

352 4310 471 4369 propter.
487 4301 597 4356 llartial·
611 4301 754 4368 Suppositt.
772 4301 800 4366 l,
818 4300 834 4356 6
852 4305 879 4355 in
899 4306 996 4370 optimo
1016 4305 1111 4357 oodioe
1129 4307 1260 4358 Vossinno
1274 4306 1311 4367 ll,
1334 4307 1378 4372 qui

341 4386 446 4441 indies
463 4383 681 4439 Gealio.ineunte
706 4388 792 4453 potius
818 4404 895 4455 quam
915 4398 1027 4443 exeunte
1045 4392 1153 4443 saeculo
1172 4408 1243 4448 nono
1261 4393 1376 4459 soriptns

355 4480 409 4538 dat,
429 4474 613 4540 compendium
630 4474 681 4525 lib·
704 4475 724 4527 i.
741 4490 766 4525 e.
783 4474 848 4527 liber
865 4478 1005 4543 reperitur,
1039 4479 1111 4546 quod
1128 4479 1307 4541 burmannus,
1334 4480 1379 4545 qui

357 4568 383 4611 et
400 4562 458 4626 ipse
477 4560 548 4610 illum
564 4560 685 4615 codtsem
704 4559 830 4623 numelli,
847 4561 916 4614 falso
928 4565 1119 4630 interpretatus
1136 4573 1185 4632 est,
1201 4563 1378 4634 quasilibeas
