3525 5500
745 665 893 769 aa„

263 869 318 927 23.
339 870 426 927 lectio
439 870 556 927 iiidicei
577 870 638 927 libri
652 879 685 928 ut
705 876 876 929 anteriore
891 872 1093 929 :contuenti
1113 873 1232 945 palliam
1252 873 1369 929 edum

265 976 363 1031 tantes'
383 976 623 1048 interciperentur
650 987 702 1047 pro
728 976 840 1047 vulgata
869 984 902 1031 nt
924 992 957 1033 eo
981 984 999 1032 t.
1023 985 1251 1034 commentus
1275 975 1370 1034 (icitia

264 1080 458 1133 adventantes
484 1080 687 1151 interciperent
712 1093 750 1135 ex
779 1079 980 1151 commane
1010 1079 1148 1135 scribendi
1176 1079 1284 1135 radone
1312 1079 1371 1133 ori·

264 1164 359 1251 'ginem
388 1178 495 1236 videtur
522 1183 648 1252 cepisse,
674 1183 741 1237 ‘nisi
759 1183 833 1253 quod
862 1182 927 1237 indo
949 1176 1222 1237 'malitwoonllcerm
1237 1176 1273 1237 'aa
1295 1193 1329 1236 ·e.
1343 1175 1371 1235 l.

263 1289 504 1339 commeatus·
521 1284 616 1341 Gallia
645 1287 833 1342 adventantes
858 1280 1200 1358 interciperentur,
1245 1284 1371 1340 werno

262 1387 355 1441 forma
383 1380 492 1458 passiva
522 1372 602 1443 elilim
621 1372 734 1445 ‘baebio
761 1385 863 1460 placuit
897 1380 982 1453 ¹⁴²).
1020 1389 1073 1443 ·'lta
1101 1388 1183 1443 etlam
1210 1387 1318 1457 evenit,
1341 1393 1371 1441 at

261 1490 391 1545 librarius
412 1489 545 1546 'hledic'ei¹
565 1491 626 1546 libri
655 1491 689 1546 Α.
711 1492 779 1562 tv,
800 1490 852 1547 oo.
874 1490 979 1547 Fertius
1006 1503 1058 1562 pro
1088 1487 1192 1560 Fauio‚·
1214 1488 1254 1545 ll.¹
1268 1490 1298 1559 1,
1319 1485 1371 1545 lib.

262 1594 336 1649 exii.
360 1593 455 1648 cdlldo
477 1610 529 1663 pro
551 1592 677 1649 callidae
690 1589 849 1664 scriberet,
872 1594 943 1649 siem
957 1592 1023 1649 AB.
1046 1594 1089 1650 ed.
1112 1594 1182 1664 Spin.
1205 1592 1236 1647 ll.
1258 1589 1294 1663 ll,'
1318 1590 1372 1650 tt.

257 1696 491 1768 promptissimus
506 1696 617 1750 Plotius
629 1694 739 1751 lirum
759 1709 810 1767 pro
824 1691 937 1767 vulgata
944 1696 1153 1770 pronptisaimo
1169 1696 1265 1752 Plotio
1277 1695 1370 1749 struto

261 1798 404 1879 exhibent.
424 1792 519 1865 ¹⁴²¹)
540 1802 543 1809 '
1262 1821 1265 1831 ·
1457 1793 1460 1801 '

355 1886 416 1955 'iris
435 1901 574 1972 exemplis
594 1900 763 1973 corruptelas
792 1902 992 1973 subiungcmns
1015 1918 1052 1959 ex
1082 1898 1250 1973 compendiis
1272 1901 1371 1972 singu·-

260 2005 354 2059 lorum
381 1999 528 2059 verboram
559 2010 651 2073 natan
682 1996 848 2076 orphitum
874 2006 985 2077 quidem
1013 1984 1237 2077 praepositiones
1261 2020 1316 2077 per
1345 2008 1373 2059 et

258 2110 351 2179 prae,
372 2112 470 2178 utpote
493 2106 691 2177 compendiose
713 2115 859 2179 exaratae,
882 2121 943 2163 eum
972 2122 1060 2179 saepo
1078 2108 1105 2163 in
1134 2108 1193 2163 aliis
1221 2107 1371 2163 codicibus.

266 2209 346 2264 histis
374 2202 451 2275 ¹⁴⁸)
479 2214 534 2264 tum
555 2210 700 2280 aliquoties
720 2212 749 2265 in
769 2211 821 2266 Ha.
843 2210 1067 2267 coniurassent.
1100 2211 1156 2271 ‘Sic
1178 2210 1211 2267 Α.
1233 2208 1297 2279 llll,
1320 2208 1370 2265 ll.
1462 2275 1475 2300 „

281 2358 347 2423 142)
367 2362 410 2413 Fr.
432 2353 547 2430 lacobus
574 2363 592 2413 l.
610 2362 628 2413 l.
647 2362 677 2413 ll.
700 2380 725 2432 p.
744 2362 787 2417 30.
806 2374 960 2415 commeatus
983 2366 1017 2414 in
1041 2364 1182 2415 Galliam
1195 2348 1372 2415 'adventantes

350 2436 642 2515 interciperentur
666 2466 698 2500 ex
723 2451 851 2517 scriptura
870 2450 984 2501 bledicei
1002 2448 1062 2501 libri
1082 2448 1240 2501 eliciendum
1260 2451 1370 2514 censuit,

354 2540 477 2600 tanquam
497 2542 657 2585 commeatus
677 2536 793 2599 aliunde,
813 2553 828 2586 e
846 2536 981 2587 Britannia
1000 2536 1104 2587 scilicet
1122 2536 1166 2585 vel
1185 2531 1309 2601 Hispania
1326 2534 1371 2587 vel

350 2617 457 2682 Africa,
475 2620 503 2670 in
522 2617 637 2671 Galliam
655 2620 829 2672 adventantes
842 2622 935 2673 Rheno
954 2621 1172 2673 subveherentur.
1196 2622 1292 2671 Varum
1309 2620 1372 2673 lite-

352 2719 439 2755 rarum
459 2705 551 2757 ductn‘s
570 2708 654 2775 magis
668 2715 809 2775 auguratus
829 2724 861 2759 ex
872 2709 993 2776 vestigiis
1012 2707 1193 2770 membranae,
1213 2722 1290 2775 quam
1308 2723 1372 2758 sen-

352 2785 460 2842 tentiam
479 2789 563 2842 Taciti
576 2800 718 2863 ⁴assecutus
739 2809 798 2844 esse
816 2794 879 2844 mihi
898 2795 1003 2846 videtur
1021 2797 1061 2846 vir
1080 2785 1255 2852 doctissimus.
1277 2793 1368 2844 'Ratio

316 2943 320 2953 Ι
353 2877 423 2944 enirn
441 2879 544 2944 poscit,
564 2885 592 2927 ut
610 2887 771 2929 commeatus
796 2896 834 2930 ex
853 2877 997 2931 Gallicis
1017 2881 1196 2932 maritimis
1215 2877 1371 2928 civitati-

304 2947 308 2955 ’
349 2956 548 3015 bus'llomano
576 2965 705 3014 exercitui
727 2965 837 3016 navibus
862 2968 1011 3034 supportari
1035 2955 1233 3032 itaque'llbeno‘
1261 2962 1372 3014 subvehi

352 3044 486 3098 dicantur:
505 3050 602 3116 quippe
620 3049 674 3100 tale
693 3051 744 3101 iter
761 3048 891 3104 frumento
917 3059 995 3120 atque
1021 3050 1176 3102 utensilibus
1195 3049 1325 3102 vehendis
1345 3056 1372 3100 et

336 3120 503 3204 ‘facillimum
522 3143 562 3186 est
581 3143 607 3186 et
625 3137 800 3189 celerrimum.
1141 3140 1145 3148 '
1169 3123 1180 3148 '¹
1203 3129 1217 3150 '¹
1284 3131 1288 3138 ’

283 3217 365 3282 142³)
384 3220 427 3271 Sic
444 3218 538 3272 Juven.
556 3204 577 3282 l,
595 3216 630 3274 67
646 3220 790 3274 lectionem
806 3223 883 3274 codd.
899 3231 924 3274 et
938 3221 997 3276 edd.
1016 3217 1080 3274 vett.
1091 3217 1217 3288 'sipuotor
1231 3210 1301 3286 'salso
1315 3220 1371 3271 Ru-

349 3304 448 3370 pertius
465 3306 529 3356 mihi
547 3305 652 3357 videtur
669 3316 742 3358 recte
761 3317 874 3359 mutasse
892 3309 919 3360 in
937 3327 957 3359 s.
979 3309 1064 3374 falsus
1083 3309 1144 3359 emt:
1164 3307 1225 3377 Sall.
1246 3305 1301 3357 Cat.
1322 3301 1370 3368 163

353 3393 472 3459 quamvis
491 3391 610 3444 Matthias
634 3393 661 3442 in
681 3389 757 3443 Obss.
783 3394 808 3442 in
833 3391 893 3443 lov.
917 3392 970 3443 Sat.
989 3393 1006 3444 l.
1030 3410 1055 3460 p.
1074 3394 1090 3446 7
1108 3400 1162 3446 not.
1182 3389 1216 3444 22
1234 3389 1366 3457 vulgatam

352 3475 531 3543 explicatione
549 3479 618 3528 tueri
636 3495 718 3543 nuper
735 3477 872 3528 studuerit.

284 3554 348 3622 143]
368 3557 407 3613 Cf.
426 3561 558 3612 Drakenb.
577 3563 610 3612 ad
629 3564 684 3614 Liv.
704 3563 752 3626 lx,
774 3561 814 3626 ll),
833 3564 857 3614 7.
876 3563 1010 3614 Eceteris
1024 3562 1160 3614 codicibus
1174 3559 1298 3612 Tacitinis
1316 3561 1372 3612 lra-

353 3650 522 3715 quentissima
542 3649 672 3700 eiusmodi
686 3649 850 3700 contusionis
869 3649 988 3716 exempla
1005 3649 1115 3718 collegit
1128 3647 1245 3699 Walther
1258 3647 1291 3698 ad
1303 3647 1371 3700 Anu.

292 3740 302 3774 ἲ
330 3725 407 3795 'xm
426 3733 460 3786 47
479 3742 505 3785 et
523 3736 619 3801 passim
638 3738 665 3785 in
685 3735 774 3786 indice
793 3743 921 3788 annotatt.
958 3731 1013 3788 Cio.
1031 3733 1097 3801 Epp.
1118 3734 1150 3784 ad
1168 3733 1240 3786 Fam.
1258 3733 1290 3797 X,
1309 3731 1336 3796 9,
1358 3734 1369 3786 l

330 3802 333 3813 ¹
354 3818 415 3868 libri
434 3820 525 3886 scripti
550 3827 576 3871 et
602 3819 667 3872 editi
684 3821 811 3872 fluctuant
834 3823 904 3873 inter
924 3821 1057 3892 pervidere
1077 3829 1103 3872 et
1118 3819 1279 3888 praecidere.
1316 3817 1373 3871 Cic.

353 3903 424 3956 Orat.
444 3901 491 3968 ll,
519 3904 562 3956 36.
587 3907 646 3956 cod.
675 3907 867 3958 Einsiedlensis
890 3901 1078 3976 perscriptum
1095 3923 1143 3972 pro
1162 3907 1270 3974 vulgato
1288 3922 1368 3973 prae·

356 3994 480 4058 scripturn
497 3982 585 4054 habet,
606 4000 632 4042 et
650 3993 723 4044 Mart.
741 3992 810 4054 xm,
829 3990 871 4056 66,
894 3994 916 4046 l.
936 3993 996 4044 libri
1013 3991 1129 4043 familiae
1149 3989 1204 4054 C‚'a.
1223 3994 1291 4042 inter
1306 4007 1371 4057 pcr-

352 4077 417 4126 duro
436 4077 508 4126 deute
527 4084 552 4127 et
573 4079 705 4146 praeduro
730 4077 754 4127 d·
778 4077 919 4141 flnctuant‚
946 4087 1014 4146 quae
1037 4070 1153 4130 varietas
1179 4077 1210 4127 ab
1235 4076 1372 4140 archetypi

354 4163 411 4212 eius
429 4161 545 4212 familiae
561 4165 689 4229 scriptura
706 4172 811 4230 perturo
828 4180 877 4230 pro
893 4165 1000 4230 vulgato
1017 4168 1137 4232 periuro,
1158 4163 1227 4230 quod
1241 4151 1306 4212 Rea
1323 4175 1372 4210 co-

356 4247 429 4297 dices
446 4247 562 4299 lamiliae
577 4247 608 4301 B.
626 4255 740 4312 tuentur,
760 4251 888 4317 originem
908 4251 1140 4316 videtnr'capisse.
1164 4241 1373 4310 ve11.lt‚112‚6

307 4337 320 4348 ““
336 4340 339 4349 “
353 4333 380 4384 ln
399 4349 491 4400 apogr.
510 4333 616 4385 harerb.
637 4344 677 4386 est
692 4345 839 4404 praeruptu
852 4354 939 4388 aarum
957 4339 1014 4387 acie
1026 4353 1073 4402 pro
1088 4335 1159 4402 vulg.
1177 4339 1303 4400 perrupta
1317 4351 1372 4384 eu.

351 4419 409 4471 Nec
427 4420 529 4472 librarii
546 4428 661 4485 tantum,
685 4421 734 4472 sed
752 4424 838 4474 critici
863 4425 941 4474 etiam
960 4423 993 4474 de
1013 4423 1051 4473 his
1070 4421 1145 4488 siglis
1164 4419 1367 4485 interpretandis

354 4505 551 4572 discreparnnt·,
588 4523 640 4575 quo
665 4507 762 4558 lactum
786 4517 838 4572 est,
868 4509 1047 4572 uthanshl,
1066 4507 1115 4571 20,
1142 4507 1186 4556 abi
1208 4508 1373 4557 recentiores

357 4591 473 4644 editores
495 4591 560 4645 inde
584 4594 616 4645 ab
640 4593 763 4644 Ernestio
788 4608 820 4644 ex
839 4591 868 4644 G.
894 4601 920 4644 et
945 4595 987 4648 ed.
1013 4611 1053 4662 pr.
1070 4597 1167 4660 fossam
1183 4593 1305 4661 perducit
1323 4608 1371 4658 pro
