3525 5500
915 652 954 709 38

380 849 509 906 vocabuli
522 856 568 907 out
577 850 689 922 primam
701 850 840 920 sequentis
854 851 960 907 literam
975 844 1039 915 26).
1061 846 1188 908 Similiter
1197 847 1287 909 motio
1302 847 1329 906 in
1343 846 1480 906 vooalralo

380 952 469 1024 cliqoa
490 953 569 1010 litera
594 970 783 1026 nonnunquam
801 939 976 1026 ‘geminatum
999 967 1083 1025 quaro
1112 952 1250 1023 utiusque
1273 950 1329 1009 riltt
1352 949 1477 1022 exempla

380 1056 519 1127 conjunxi.

483 1161 516 1216 A.
538 1160 566 1231 1,
589 1160 619 1216 9.
638 1161 716 1217 vitoe
746 1160 809 1231 ejus
836 1175 889 1230 pro
916 1160 978 1215 os'to
1007 1160 1076 1231 ejvs.
1104 1158 1156 1215 .0.
1180 1157 1231 1215 ll.
1252 1158 1310 1217 init.
1336 1160 1482 1216 toronum

378 1277 431 1334 pro
451 1265 483 1319 a.
504 1280 612 1320 oasam.
655 1261 807 1334 s.11‚o.
834 1261 988 1317 Amasim
1017 1278 1069 1335 pro
1100 1258 1244 1318 emmam.
1290 1260 1322 1319 e.
1345 1260 1394 1317 to.
1424 1259 1481 1317 m-
1533 1241 1537 1250 '

378 1367 485 1423 rerem
504 1367 624 1439 impertita
645 1373 690 1423 oet
711 1367 768 1423 etto
784 1374 929 1422 terrorum
950 1382 1002 1437 pro
1025 1366 1052 1421 lt.
1074 1366 1195 1437 topeots'e
1210 1372 1239 1421 et
1259 1365 1319 1421 sr'tar
1339 1371 1481 1421 terrerum

378 1467 413 1525 A.
435 1469 489 1540 lv,
512 1468 562 1526 32.
585 1470 792 1542 composatoere
814 1486 865 1553 pro
895 1484 1087 1542 composuere.
1130 1467 1165 1525 A.
1187 1467 1240 1537 Vl,
1262 1466 1313 1523 118.
1336 1467 1480 1535 delltor'ero

378 1586 430 1642 pro
442 1571 588 1629 delinere.
632 1570 663 1627 0.
683 1571 733 1629 35.
754 1572 838 1628 lectio
856 1572 961 1627 codicis
972 1589 1008 1628 oc
1018 1572 1339 1645 popoompsreopittoe
1352 1572 1480 1630 acerem

377 1687 429 1745 pro
451 1675 562 1746 vulgato
583 1692 611 1731 m.
626 1693 657 1749 p.
674 1693 704 1748 p.
719 1677 840 1747 sopittas
852 1677 962 1731 inireot
985 1692 1021 1731 ox
1036 1675 1195 1747 archetypi,
1217 1680 1246 1729 at
1267 1672 1383 1743 videor,
1409 1672 1482 1730 ocri·

378 1781 458 1847 ptura
487 1794 515 1833 m.
539 1794 568 1851 p.
594 1795 623 1851 p.
651 1780 772 1850 eopittoo
801 1779 922 1834 sitirent
952 1784 1011 1835 orta
1041 1784 1091 1834 est.
1136 1776 1170 1833 A.
1193 1776 1246 1849 lll,
1273 1774 1319 1835 to.
1334 1778 1374 1834 o'm
1392 1775 1484 1847 ortior

379 1884 587 1950 transgressum
621 1881 741 1936 multem
776 1889 888 1937 eortoto
915 1897 967 1952 pro
994 1882 1026 1935 r'ro
1049 1880 1132 1951 ocios
1162 1888 1354 1952 tromspmmr·
1368 1879 1484 1937 multem

379 1988 500 2038 certato.
545 1980 575 2037 0.
598 1981 647 2037 26.
670 1983 754 2039 lectio
777 1984 840 2039 cod.
863 1984 914 2038 lla.
938 1985 1069 2039 oomroios
1095 1984 1223 2056 petriam
1243 1990 1401 2039 metuentes
1419 1981 1484 2038 oris·

379 2082 472 2153 ginem
494 2084 576 2140 coxit
604 2101 642 2141 ex
667 2086 800 2157 scriptura
830 2086 975 2157 archetypi
998 2086 1112 2159 portam
1139 2092 1295 2143 metemus
1311 2084 1482 2158 properio

378 2193 543 2243 metuentes.
585 2186 621 2244 A.
640 2188 707 2259 XII,
730 2187 780 2244 to.
803 2205 901 2245 ommes
923 2189 1017 2245 coeloe
1039 2204 1090 2260 pro
1114 2204 1194 2244 omme
1207 2188 1311 2245 aceles.
1355 2186 1389 2245 A.
1404 2186 1484 2257 .lllll‚·

380 2287 430 2347 22.
451 2290 584 2348 Pomtello
607 2306 659 2363 pro
681 2293 715 2349 P.
736 2292 841 2349 Anteio
863 2293 924 2349 libri
946 2292 1007 2350 llsti
1023 2298 1052 2349 et
1074 2292 1139 2349 editi
1159 2298 1270 2349 meteres
1293 2290 1424 2347 exhibeat
1445 2288 1481 2345 ob

379 2407 508 2450 mmmm
519 2393 736 2465 similitudinem,
759 2412 837 2466 quam
851 2396 947 2454 literae
968 2398 979 2450 ι’
1001 2400 1030 2451 et
1051 2396 1063 2452 l
1083 2395 1109 2451 io
1131 2394 1385 2465 minotascripturo
1400 2408 1485 2465 prae·

383 2490 482 2551 lerunt.
533 2494 564 2550 0.
587 2494 637 2551 16.
668 2496 726 2552 icit.
753 2498 901 2553 addiceret
928 2514 979 2569 pro
1008 2499 1137 2555 adiceret
1165 2498 1181 2555 i.
1213 2513 1237 2553 e
1267 2497 1417 2568 adjicerem
1446 2494 1484 2551 da

380 2597 514 2670 scriptura
550 2599 684 2670 edicere,
719 2616 789 2671 quae
822 2600 933 2671 saepius
960 2600 988 2655 in
1025 2600 1087 2657 cod.
1117 2600 1242 2657 lledloeo
1258 2599 1423 2671 superitur,
1452 2604 1482 2655 ut

381 2699 417 2758 A.
439 2700 520 2774 xlv,
545 2699 592 2760 11.
617 2701 666 2759 56.
694 2703 761 2775 llll,
787 2701 835 2760 16.
859 2701 926 2776 51,
957 2704 991 2761 cl.
1015 2704 1176 2761 Schneideri
1199 2703 1312 2761 Gramm
1335 2702 1391 2760 lot.
1415 2701 1433 2758 1.
1457 2716 1485 2773 p.
1601 2704 1602 2707 ’

383 2803 455 2864 287.
477 2805 610 2877 oq.-A.
634 2806 715 2879 XIV,
739 2805 787 2862 33.
818 2814 888 2863 extr.
906 2807 990 2864 lectio
1019 2807 1101 2864 codd.
1129 2809 1258 2864 lletoram
1288 2807 1410 2864 otiorum
1436 2804 1486 2860 io·-

381 2910 476 2981 os'pmes
504 2925 556 2981 pro
585 2910 709 2969 otiorum
738 2908 797 2975 (vel
826 2908 973 2982 totorum,
1001 2917 1030 2967 ut
1057 2927 1117 2967 oum
1143 2907 1485 2981 Ἰ1ιίιιιὶοἰιι[ὶοοιίθιιίἰιιιι

381 3007 524 3084 ooopioor)
545 3028 644 3084 tepores
673 3027 712 3068 ex
741 3013 908 3083 repetitione
936 3013 1045 3070 literae·
1060 3029 1088 3068 m
1110 3019 1138 3067 at
1159 3027 1196 3068 ex
1222 3010 1358 3080 scriptura
1379 3009 1483 3070 arohe-

382 3112 441 3184 typi
462 3115 556 3185 stprtes
579 3104 726 3202 orta'eaae
739 3114 854 3170 videtur.
899 3114 930 3170 0.
954 3116 1002 3170 57.
1025 3132 1078 3172 mee
1098 3115 1178 3170 altro
1199 3129 1304 3168 moros.
1327 3111 1409 3168 Solio
1432 3118 1486 3166 eto.

382 3231 435 3289 pro
449 3233 504 3274 mee
525 3217 708 3274 ottromora.
729 3215 812 3276 Sutlo
835 3224 888 3277 etc.
932 3217 966 3278 A.
988 3219 1056 3290 llV,
1080 3215 1128 3276 24.
1151 3231 1228 3305 corp
1241 3215 1411 3278 committere
1433 3228 1486 3285 pro

387 3402 641 3412 ---—-—-—--—-

399 3531 450 3598 26)
468 3534 512 3586 Sic
531 3533 588 3589 Cio.
604 3535 673 3605 Epp.
695 3536 728 3588 ed
752 3535 805 3590 Att.
829 3535 901 3601 vill,
926 3533 967 3590 16.
991 3543 1056 3588 extr.
1074 3535 1101 3584 in
1127 3532 1186 3587 cotl.
1204 3523 1326 3585 llledieao
1349 3529 1487 3584 monitam

472 3621 622 3688 corruptela
641 3637 656 3672 ιι
678 3638 717 3690 pr.
746 3639 781 3673 m.
805 3624 930 3688 scriptum
956 3618 1082 3686 estquod
1101 3619 1173 3670 dotti
1203 3621 1331 3670 audissem
1354 3633 1399 3686 pro
1419 3615 1487 3684 qood

468 3705 558 3770 olim,
577 3707 648 3774 quod
658 3706 691 3758 ab
704 3707 787 3759 altero
799 3724 832 3759 ιιι.
847 3707 1061 3773 superscriptum.
1097 3703 1165 3758 Dial.
1184 3705 1217 3756 de
1232 3703 1313 3759 Oratt.
1333 3700 1374 3756 16.
1393 3704 1448 3755 init.
1460 3704 1486 3754 in

460 3789 548 3845 codd.
567 3791 650 3859 Neap.
667 3792 755 3846 Porio.
775 3801 801 3844 et
824 3792 886 3847 edd.
903 3799 968 3846 vett.
985 3805 1033 3856 pro
1052 3791 1160 3860 vulgata
1179 3793 1351 3858 quaestionem
1374 3789 1487 3840 movisti:

464 3877 515 3928 ced
532 3885 583 3932 etc.
601 3879 699 3947 legitur
716 3897 740 3946 q.
758 3882 888 3930 movetis:
906 3879 952 3928 sect
969 3885 1035 3940 etc„
1056 3893 1133 3946 quum
1148 3877 1302 3944 praesertim
1315 3891 1339 3928 o.
1357 3871 1402 3928 tt.
1421 3881 1485 3926 extr.

470 3966 611 4015 recessistis
628 3963 725 4032 plurali
742 3980 852 4016 numero
875 3965 989 4030 positam
1008 3965 1050 4017 sit.
1085 3961 1196 4015 Martial.
1214 3962 1241 4027 l,
1259 3961 1309 4026 92,
1327 3961 1354 4013 2·
1374 3961 1487 4028 optimus

472 4049 532 4102 cod.
545 4048 683 4101 Thoanouo
701 4053 786 4117 tempto
805 4067 832 4102 se
850 4051 928 4117 dipito
948 4049 1054 4102 exhibet
1066 4065 1116 4117 pro
1134 4051 1249 4113 turpise
1267 4049 1353 4116 myrto.
1390 4045 1488 4098 (lenui-

472 4149 533 4188 aam
551 4136 631 4204 igitur
648 4137 802 4202 scripturam
815 4135 882 4186 Plln.
901 4135 968 4203 lipp.
987 4136 1025 4200 X·,
1045 4131 1109 4200 117,
1127 4133 1152 4187 2.
1173 4149 1187 4186 a
1205 4133 1341 4186 Schellero
1359 4139 1490 4202 repertam

473 4236 533 4272 esso
556 4220 636 4272 facile
660 4221 815 4273 credideris.
856 4221 881 4273 Io
906 4221 975 4272 enim
1001 4237 1050 4288 pro
1073 4220 1182 4289 vulgata
1206 4220 1319 4272 orlitror
1337 4220 1492 4288 praesertim

471 4323 505 4357 oc
528 4307 673 4360 rolerms'lms
696 4309 783 4359 cereto
812 4307 1003 4360 concedentium
1020 4309 1091 4372 justi
1114 4304 1276 4358 imoitots'orsco
1297 4306 1399 4358 *scribi*
1414 4303 1491 4368 jussit

473 4393 661 4444 concedendum
672 4396 719 4458 jur
748 4395 916 4447 invectionis.
950 4393 1031 4446 Vides
1050 4409 1127 4462 quam
1146 4392 1225 4446 facile
1242 4393 1310 4445 lale
1323 4392 1431 4460 volgata
1448 4387 1491 4440 le-

472 4478 526 4529 ctio
546 4481 610 4531 oriri
627 4480 743 4547 potuerit
755 4479 840 4531 literis
858 4497 871 4530 s
890 4488 916 4531 et
933 4483 944 4531 t
960 4481 1088 4548 repetitio.
1124 4478 1251 4548 Exempla
1269 4495 1284 4532 e
1302 4483 1367 4532 velt.
1386 4474 1489 4530 Velleii

474 4563 548 4616 librio
565 4564 678 4618 Kritoloe
695 4567 722 4619 in
740 4564 865 4636 Prolegg.
882 4581 909 4635 p.
929 4565 992 4622 Glll.
1010 4583 1050 4637 oq.
1069 4566 1188 4635 collegit.
1281 4590 1284 4599 ·
1324 4573 1326 4581 ·
1366 4567 1368 4578 “
