3525 5500
941 659 980 716 32

409 858 481 914 tibus
502 858 681 930 supplendum
700 857 737 914 sit
757 857 793 914 ad
813 857 962 929 genitivum
975 858 1094 913 miiitum
1114 855 1312 929 explicandum.
1356 858 1423 915 Tum
1440 874 1518 917 sane

411 961 632 1032 octingenta
657 960 737 1016 mittin
767 960 953 1016 Britannorum
983 960 1118 1016 cecidisse
1147 967 1319 1032 expectares.
1363 961 1409 1016 Aa
1426 960 1518 1017 hodie

410 1064 458 1119 rix
480 1064 549 1135 erit,
584 1064 628 1134 qui
650 1064 760 1134 credat,
785 1070 829 1119 tot
849 1063 1030 1119 Romanorum
1059 1078 1092 1119 ac
1113 1062 1303 1122 Britannorum
1327 1064 1409 1119 miliia
1430 1064 1517 1119 ceci-

412 1166 501 1221 disses
524 1165 611 1222 etliio
626 1166 702 1222 (iuss.
716 1166 797 1236 11111,
805 1166 835 1221 8.
845 1172 929 1221 totum
936 1165 1124 1222 Britannorum
1135 1166 1285 1222 exercitum
1298 1166 1416 1224 OGGXX
1430 1165 1518 1223 miilia

410 1269 569 1340 explevisse
603 1275 701 1324 namet.
726 1295 762 1306 -
786 1269 820 1322 Α.
841 1269 907 1338 XV,
938 1268 988 1323 28.
1010 1267 1171 1341 aupebatar
1190 1285 1244 1344 pro
1275 1267 1435 1340 anpebatur
1456 1284 1517 1323 ex-

410 1372 505 1428 bibeut
526 1372 607 1428 codd.
637 1372 699 1427 bisti
726 1378 836 1442 praeter
856 1370 1020 1443 Bndeusem,
1048 1388 1084 1428 ex
1120 1388 1173 1442 qno
1202 1372 1346 1429 Rhenanus
1374 1372 1517 1441 vulgatam

409 1474 522 1530 induxit.
564 1474 712 1531 Antecedit
738 1474 810 1530 enim
834 1475 947 1530 uerbum
968 1480 1109 1546 caperet.
1140 1474 1170 1529 G.
1194 1473 1243 1529 36.
1265 1474 1293 1529 in
1315 1474 1378 1531 cod.
1407 1475 1459 1529 lta.
1481 1452 1514 1529 et

410 1576 453 1633 ed.
467 1578 538 1648 Spir.
553 1576 654 1647 iegitur
669 1576 823 1631 auditurae
842 1592 895 1647 pro
912 1578 1043 1632 aditurae
1066 1577 1101 1635 ob
1115 1577 1242 1634 anteced.
1257 1578 1368 1633 andire.
1412 1576 1442 1631 (t.
1458 1576 1512 1634 53.

407 1679 492 1735 lectio
514 1677 597 1734 codd.
619 1678 736 1735 iteca.
765 1686 793 1734 et
821 1679 865 1736 ed.
891 1679 961 1749 Spir.
984 1688 1049 1735 nat
1077 1682 1165 1735 inane
1196 1688 1261 1735 aut
1282 1696 1359 1752 spem
1381 1694 1432 1751 pro
1457 1688 1511 1735 aut

406 1783 525 1837 inanem
545 1782 671 1854 carpens
692 1797 729 1836 ex
750 1781 883 1852 scriptura
906 1790 936 1836 at
952 1788 1012 1837 orta
1034 1781 1238 1853 succidetur,
1262 1798 1313 1853 qua
1330 1782 1433 1851 ⁴multos
1455 1799 1510 1839 ue-

409 1890 497 1939 terum
519 1900 625 1955 eosque
653 1900 710 1940 non
730 1883 873 1939 illiteratos
895 1900 962 1939 usos
990 1884 1076 1940 tuisse
1098 1885 1249 1951 Schneider
1269 1884 1385 1941 Granum.
1407 1885 1465 1941 bat.
1486 1885 1508 1941 Ι.

408 2003 436 2057 p.
459 1984 530 2042 251.
551 2002 613 2057 sqq.
635 1986 751 2042 docuit.-
780 1986 812 2041 0.
826 1986 885 2041 .62.
907 1988 934 2043 iu
956 1986 1021 2042 cod.
1036 1988 1087 2045 1111.
1110 1994 1139 2044 et
1160 1988 1204 2044 ed.
1222 1988 1292 2061 Spir.
1314 1989 1509 2059 scriptumest

408 2107 500 2162 nepae
537 2091 620 2147 alind
656 2106 804 2163 superesse
840 2106 946 2162 paam
979 2098 1098 2146 matrem
1130 2091 1306 2163 fratremque
1331 2091 1508 2161 interfectus,

409 2210 517 2266 paam
545 2201 577 2249 nt
607 2194 772 2250 educatoris
796 2194 1050 2266 praeceptorisque
1078 2209 1176 2249 aecem
1198 2194 1337 2264 adjiceret
1356 2193 1507 2265 pro‘vuim

409 2295 533 2352 lectione
550 2312 643 2369 nepae
664 2296 746 2353 adad
768 2314 916 2369 superesse
935 2304 1020 2369 post
1041 2302 1161 2352 matrem
1173 2303 1227 2355 etc.
1270 2296 1402 2351 Partiouia
1424 2313 1508 2368 param

409 2413 427 2453 e
454 2398 629 2468 sequentibus
656 2398 747 2453 verbis
775 2405 928 2468 praesumta
958 2416 993 2455 eo
1021 2399 1127 2455 iacitius
1155 2399 1278 2471 irrepere
1306 2398 1410 2469 potuit,
1433 2400 1507 2469 quod

408 2498 522 2555 termule
544 2517 636 2571 nepae
664 2500 745 2554 atiud
773 2516 857 2571 paam
886 2500 1021 2556 tritissima
1053 2501 1161 2557 auribus
1183 2506 1211 2557 et
1232 2500 1345 2557 socordi
1365 2502 1448 2557 urenti
1469 2502 1507 2556 li-

408 2601 558 2657 brariorum
580 2618 613 2657 se
633 2602 692 2673 ipse
713 2602 820 2658 uidetur
843 2602 975 2659 obtulisse
1005 2610 1085 2675 atque
1107 2604 1280 2673 obtendisse,
1302 2602 1460 2674 praesertim
1482 2605 1506 2662 si

407 2705 638 2778 praepositionem
663 2713 731 2779 past
758 2722 809 2778 per
831 2706 1020 2778 compendium
1053 2706 1080 2779 p'
1102 2707 1229 2779 scriptam
1251 2706 1336 2764 inisse
1357 2705 1385 2762 in
1407 2708 1507 2764 arche-

407 2815 475 2881 typo
498 2809 602 2866 statuis.
644 2810 676 2865 11.
698 2810 727 2880 1,
759 2809 806 2865 15.
820 2811 893 2866 'nan
921 2827 1002 2868 meae
1025 2820 1135 2868 tantum
1163 2811 1404 2882 necessitudines,
1435 2827 1505 2882 pauc

408 2911 460 2968 tibi
475 2915 641 2986 postposui,
664 2915 717 2970 sed
737 2922 774 2970 et
795 2923 881 2970 taae:
905 2923 939 2970 et
960 2913 1010 2970 tibi
1029 2916 1123 2986 frater
1145 2923 1197 2971 eto.
1225 2927 1276 2984 pro
1299 2921 1343 2969 est
1364 2912 1415 2968 tibi
1434 2913 1505 2983 fra-

408 3021 453 3070 ter
482 3022 538 3071 etc.
582 3016 613 3071 0.
636 3015 687 3072 ta.
710 3016 793 3072 codd.
813 3017 865 3071 bia.
894 3016 928 3072 Α.
958 3016 989 3072 O.
1019 3016 1050 3071 G.
1078 3018 1121 3072 ed.
1151 3016 1222 3086 spir.
1244 3015 1374 3070 exhibent
1401 3023 1507 3087 quarta

404 3133 493 3189 pars
513 3120 666 3192 manipulas
686 3107 781 3193 pfars
800 3137 854 3194 per
872 3127 1046 3176 commeatus
1069 3133 1120 3190 pro
1149 3133 1175 3192 p.
1198 3135 1227 3190 p.
1244 3117 1383 3190 manipati
1403 3133 1508 3190 sparsa

402 3235 459 3292 per
479 3237 507 3276 c.
548 3221 588 3277 lbi
606 3238 670 3278 voc.
688 3239 781 3296 pars
801 3224 913 3280 librario
934 3222 1077 3294 archetypi
1098 3219 1185 3276 treudi
1199 3220 1283 3276 tuisse
1304 3219 1367 3274 mibi
1388 3219 1505 3291 ridetur,

406 3329 437 3378 ut
456 3323 552 3380 iterum
570 3325 703 3382 scriberet
720 3343 827 3399 pars,
848 3327 927 3382 litera
950 3343 964 3382 s
985 3325 1049 3382 ruci
1066 3323 1242 3396 praecedenti
1264 3339 1379 3380 annexa.
1401 3321 1431 3378 (t.
1455 3322 1505 3378 62.

407 3433 478 3482 extr.
497 3442 655 3501 prosperae
683 3431 728 3485 rei
748 3446 878 3486 namen
905 3437 958 3501 pra
983 3444 1086 3494 amen
1104 3428 1133 3484 in
1161 3428 1226 3483 ced.¹
1246 3427 1297 3485 111.
1319 3433 1346 3482 et
1368 3425 1412 3481 ed.
1434 3425 1505 3497 spir.

406 3544 444 3583 ex
471 3530 562 3585 verbis
592 3532 734 3588 antecedd.
763 3536 909 3590 nominee
941 3531 1101 3588 Gennanici
1136 3532 1232 3585 statim
1249 3530 1358 3584 addita
1397 3528 1506 3599 irrepsit

406 3647 490 3702 praue
517 3634 664 3690 memoriae
694 3637 850 3692 tenacitate.
911 3635 941 3690 0.
977 3637 1025 3692 75.
1054 3631 1181 3690 amnibus
1208 3634 1328 3688 inuicem
1356 3633 1506 3704 iprensis

404 3750 457 3805 pro
491 3751 518 3790 o.
545 3739 567 3792 i.
602 3740 712 3810 pneris.
764 3738 912 3794 Antecedit
948 3737 1016 3792 euim
1052 3735 1245 3794 substantivum
1272 3735 1284 3790 i
1290 3736 1505 3807 pnorantia.

406 3835 439 3892 11.
465 3837 507 3909 11,
539 3838 588 3895 21).
616 3841 653 3897 ob
676 3840 882 3896 antecedentem
910 3853 1008 3895 rocem
1038 3855 1129 3911 equo
1151 3839 1178 3894 in
1208 3837 1271 3895 cod.
1299 3837 1349 3894 tta.
1379 3838 1505 3894 scribitur

407 3956 478 4012 puae
491 3943 632 4015 inepaos
652 3944 749 3999 cidere
761 3959 813 4014 pro
829 3960 900 4016 pnes
910 3943 1040 4014 inaepea
1052 3959 1092 4012 c.‚
1114 3943 1141 3998 in
1164 3941 1194 3996 (i.
1208 3949 1238 3998 et
1250 3940 1293 3996 ed.
1308 3941 1379 4012 Spin.
1392 3957 1463 4012 puae
1474 3941 1506 3995 in

407 4045 597 4116 epniac.‚iu
613 4044 644 4101 G.
668 4048 784 4118 pacsin
805 4063 895 4119 epea
915 4061 941 4101 c.
963 4045 1061 4116 11111,
1085 4045 1215 4100 timon
1230 4045 1506 4100 tertiadecima

406 4146 500 4202 densis
514 4146 638 4203 arbustis
648 4149 807 4221 intersepta
826 4165 877 4219 pro
899 4149 985 4203 tertia
1000 4149 1095 4204 densis
1108 4164 1136 4202 a.
1149 4149 1169 4203 i.
1182 4147 1283 4218 legitur
1292 4147 1319 4201 in
1333 4145 1415 4202 codd.
1430 4145 1505 4200 iistis

405 4254 434 4304 et
454 4250 517 4306 edd.
537 4259 618 4322 vett,
643 4251 768 4323 quonium
790 4253 946 4307 tertiam
974 4252 1151 4308 decimam
1177 4249 1325 4322 praecedit.
1368 4249 1400 4304 H.
1422 4250 1461 4317 V,
1477 4247 1506 4301 2.

403 4350 540 4410 taneos
554 4354 723 4426 proidaeos
739 4353 973 4426 coarteretur,
1003 4355 1054 4412 sed
1073 4372 1098 4410 c.
1120 4352 1149 4410 1.
1170 4353 1326 4410 iudaeis
1343 4367 1394 4424 pro
1410 4351 1506 4406 idaeis

404 4456 491 4511 ceteri
511 4473 622 4528 quoque
647 4457 711 4512 iibri
736 4457 884 4528 exhibent,
907 4457 1007 4530 quippe
1036 4473 1116 4528 quum
1145 4456 1254 4512 Tacitus
1283 4453 1300 4510 J
1307 4454 1503 4510 udaeorum

402 4574 448 4615 res
469 4557 512 4616 bis
537 4558 609 4616 iocis
636 4559 748 4616 referat.
791 4560 822 4618 c.
845 4559 896 4617 ar.
919 4560 1000 4619 codd.
1023 4560 1075 4619 ita.
1096 4559 1129 4618 B.
1150 4559 1182 4616 u.
1205 4565 1234 4618 et
1255 4558 1299 4616 ed.
1319 4556 1395 4630 Spin·
1415 4569 1500 4628 prae-
