3525 5500
727 671 877 765 ,tm

254 870 293 928 ob
311 880 372 927 reor
399 870 428 925 ic
453 868 598 927 coutetur
625 870 709 926 iaoiie
734 871 824 942 potnit
849 865 1125 941 cct'orrttriffl),
1158 876 1204 927 aut
1224 866 1362 933 eumelio

254 968 421 1046 compendio
435 973 580 1045 permutari
599 965 694 1039 ¹⁸³⁴).
740 973 779 1029 lta
800 972 911 1045 Astu,
937 972 984 1029 tt.
1011 980 1081 1031 eiu.
1104 988 1155 1046 pro
1171 974 1285 1043 trigulo
1300 990 1360 1029 re-

253 1129 509 1143 --—————

338 1223 455 1274 virorum
474 1221 627 1287 doctorum,
652 1224 696 1292 qui
718 1203 876 1274 ¹lledieeum¹
893 1202 987 1274 librum
1005 1224 1183 1289 inspexerunt.
1216 1202 1276 1272 ‘ista'
1290 1214 1355 1275 vero

338 1306 405 1359 lidos
430 1302 456 1359 et
481 1310 624 1360 auctoritas
648 1308 675 1359 in
694 1306 789 1360 talibnc
808 1310 901 1373 rebus,
931 1321 998 1377 quoe
1022 1308 1103 1375 vulg'o
1129 1324 1144 1358 a
1166 1306 1264 1358 criticis
1290 1308 1360 1359 inter

336 1395 460 1445 cinctino
484 1394 649 1458 referentur,
691 1394 749 1446 iere
774 1394 846 1445 nulla
869 1402 924 1446 eat:
953 1403 981 1446 et
1005 1408 1116 1457 careae,
1142 1410 1177 1444 ne
1200 1392 1361 1445 lieroaltlarrt

338 1482 495 1547 scripturum
512 1483 592 1535 ueteri
610 1497 653 1551 ⁸ex
675 1481 726 1535 Ha.
742 1480 940 1548 deprompsisse
964 1488 1050 1547 putes.
1088 1478 1199 1535 Omnino
1222 1480 1293 1543 enim
1318 1482 1363 1534 cir

316 1623 320 1633 ⁸
337 1565 468 1622 credibile
485 1573 541 1630 eet,
558 1566 704 1620 Romanum
721 1567 795 1620 illum
812 1566 1021 1635 typographum,
1048 1568 1092 1635 qui
1110 1582 1157 1620 rex
1173 1567 1280 1634 priores
1297 1568 1363 1633 ,quif

338 1647 398 1702 dem
410 1652 549 1702 Annalium
563 1651 644 1703 libroe
664 1669 695 1706 ex
708 1652 827 1704 lllediceo
841 1634 935 1705 codiee
954 1661 1015 1703 tone
1028 1652 1127 1725 lioruee
1141 1636 1251 1712 cervulo
1266 1651 1359 1715 edidit,

341 1736 451 1787 alterum
471 1754 577 1805 quoque
597 1736 741 1794 llediceum
760 1754 838 1788 manu
856 1738 1022 1802 versatim,
1051 1738 1148 1807 quippe
1174 1739 1217 1805 qai
1235 1738 1287 1787 iam
1305 1742 1359 1789 ium

336 1817 491 1873 Florentiae
510 1828 537 1873 ei
556 1823 662 1891 quidem
682 1824 708 1874 in
727 1820 757 1875 Ι).
770 1824 850 1875 blaroi
867 1822 1031 1875 bibliotheca
1047 1806 1132 1874 inisse
1150 1822 1294 1885 videatur3=
1310 1822 1359 1874 etc

335 1912 424 1958 notant
438 1903 553 1961 'Victorii
570 1911 599 1959 ic
616 1908 744 1961 waltheri
762 1908 854 1963 Praei·
866 1925 892 1976 p.
906 1904 1014 1959 llxxvii
1035 1908 1197 1975 descripsero
1213 1922 1274 1961 cunr
1286 1907 1359 1959 ocn-

337 1992 393 2047 deri
412 1990 496 2048 colel.
514 1994 594 2048 omiti·
618 1994 674 2050 Lai·
692 1994 761 2053 Ribl.
779 1995 857 2054 lautu·
875 1994 942 2048 ttod
969 1993 996 2050 'lt
1014 1994 1046 2052 ll.
1070 2012 1096 2062 p.
1113 1992 1165 2052 836
1184 1996 1358 2061 euruiisque,

334 2095 404 2147 quae
422 2079 523 2131 lieiliua
543 2080 576 2131 de
596 2079 626 2131 l).
645 2081 727 2138 Marci
743 2080 909 2157 bibliotheca
926 2081 1080 2136 Florentino
1102 2098 1187 2147 nuper
1205 2082 1359 2149 scripsitin¹

333 2165 534 2218 Schneidewini
552 2156 694 2240 Philologo
713 2166 741 2231 Ι,
760 2163 773 2219 Ι
792 2183 818 2233 p.
831 2166 889 2219 182.
923 2166 980 2217 Jam
998 2183 1062 2219 vero
1081 2166 1199 2235 reliquos
1212 2166 1353 2217 Annalium

335 2258 362 2301 et
381 2250 550 2302 Historiarum
570 2250 652 2303 libros
671 2268 686 2303 o
705 2250 837 2303 beroaldo
856 2268 910 2303 non
931 2268 962 2303 ex
980 2250 1029 2305 lla.
1049 2252 1150 2316 editos,
1175 2250 1222 2303 sed
1243 2268 1275 2302 ex
1294 2252 1354 2303 edi-

333 2338 407 2387 tione
425 2334 565 2389 Puteolani
579 2336 690 2389 -Veneta
717 2334 820 2389 additos
846 2354 924 2401 esse,
947 2336 1093 2389 Ernestium
1108 2334 1194 2390 Praei.
1212 2354 1237 2405 p.
1255 2334 1357 2391 xxvii.

333 2422 376 2474 ed.
391 2419 474 2473 iielrlo
494 2422 671 2489 compluribus
685 2426 846 2491 argumentis
858 2422 1034 2490 probabiliter
1044 2422 1249 2486 duccnctrurlt,
1266 2438 1286 2474 e
1301 2438 1356 2491 que

332 2510 466 2562 eontentio
487 2508 606 2583 Woltber
629 2508 716 2564 Praei.
743 2524 772 2575 p.
789 2509 888 2569 tivit
905 2510 958 2568 ,eal
983 2520 1047 2574 tuae
1072 2508 1357 2573 temeredioaacaitae

332 2594 396 2663 milri
414 2594 541 2661 uidetur,
558 2604 650 2669 utpotp
666 2598 767 2669 paucio
778 2596 862 2661 loeia,
880 2596 926 2651 ubi
945 2598 1026 2654 ediiio
1037 2595 1164 2652 beroaldi
1181 2595 1356 2656 ul‘uteolana

331 2681 389 2733 sive
408 2697 549 2748 operarum
565 2684 632 2734 vitio
652 2684 710 2733 sive
724 2684 885 2752 correctoris
903 2682 1032 2733 industria
1050 2681 1196 2748 discrepat,
1218 2680 1354 2748 deceptus.

330 2765 387 2818 lloe
407 2761 479 2818 certe
492 2767 553 2819 loco
565 2764 710 2819 llediceom
721 2765 815 2828 librum
835 2767 991 2821 aBerooldo
1011 2783 1118 2834 prorius
1136 2784 1188 2820 non
1207 2748 1357 2834 inspectioni¹

331 2867 390 2903 ecoe
409 2852 471 2904 inde
489 2860 576 2918 patet,
595 2851 683 2921 qnod,
703 2869 780 2921 qcnrn
805 2851 856 2904 blo.
873 2853 984 2904 testibus
995 2851 1114 2906 victorio
1133 2859 1160 2904 et
1177 2849 1200 2906 l.
1215 2849 1354 2905 'Gronovic

327 2945 416 3006 peccet
433 2938 570 3001 exhibeat,
594 2939 621 2989 in
640 2938 690 2990 ed.
708 2935 769 2991 Ber.
784 2949 890 3007 potuerit
907 2939 1013 3007 legitom
1047 2937 1123 2990 liene
1147 2937 1227 3007 igitur
1242 2937 1356 2992 dardos

328 3031 388 3080 not.
404 3023 437 3076 ili
454 3025 491 3078 cd
503 3022 616 3094 nortgo
631 3021 678 3081 Gr.
694 3025 750 3079 Lat.
769 3038 794 3092 p.
813 3023 848 3078 tttt
864 3035 949 3084 cetere
966 3025 1142 3097 promulgato
1160 3027 1239 3079 ceteri
1254 3025 1355 3079 reseri-

329 3109 446 3163 bendnm
464 3113 581 3177 censuit,
606 3112 685 3173 ineo
705 3111 930 3176 tameorerravit,
955 3110 1027 3178 quod
1044 3097 1133 3181 Agrie.
1151 3111 1170 3165 t
1185 3126 1226 3178 pr.
1243 3110 1354 3172 sormam

331 3199 411 3248 ceteri
430 3198 542 3262 reperiri
561 3198 612 3260 ait,
638 3214 716 3264 quum
731 3213 788 3248 eam
806 3197 898 3266 soloe,
918 3197 1100 3264 qnodseiam,
1121 3197 1252 3250 editiones
1267 3195 1353 3250 Ober-

329 3281 379 3333 lioi
399 3291 425 3333 et
441 3281 570 3333 ll'altheri
594 3299 626 3333 ex
651 3281 746 3333 mendo
772 3283 965 3351 typographico
990 3283 1086 3349 prioris
1110 3283 1263 3354 proebeant.
1299 3279 1352 3335 cir.

328 3363 476 3420 Dronltlnnt
495 3370 521 3418 in
540 3367 684 3419 novissimo
702 3365 848 3435 Agricolae
867 3369 996 3422 editione.

258 3452 326 3518 133]
345 3454 389 3505 Sic
407 3454 476 3506 Veli.
494 3454 533 3517 ll,
554 3453 617 3518 too,
636 3451 653 3505 2
669 3443 814 3507 lectionem
834 3464 929 3522 apogr.
946 3453 1052 3506 Amerlt.
1072 3453 1178 3506 artico
1197 3467 1229 3503 ox
1249 3453 1352 3504 cocceio

327 3539 411 3593 biurb.
428 3542 557 3607 toriptarc
574 3533 690 3594 ctbiloim
709 3549 791 3598 ottttm
812 3540 1034 3598 cccccccccc.
1052 3549 1107 3606 pm„
1125 3542 1152 3593 iu
1178 3553 1233 3608 que·
1253 3539 1357 3607 legitur.

321 3644 363 3692 ,oc
382 3628 506 3683 biloreoc
555 3627 681 3681 Felioiter
711 3628 791 3696 igitur
812 3625 985 3692 liultnkenirca
1011 3641 1101 3681 vorem
1125 3626 1278 3696 scripturam
1302 3633 1349 3692 cot

326 3713 434 3787 bilorem
447 3713 550 3785 Velleio
571 3716 700 3778 restitum
720 3712 754 3765 ci.
772 3696 859 3761 Kritzs
872 3711 904 3761 ad
923 3711 951 3767 h.
963 3711 993 3779 Ι.7
1016 3709 1106 3767 Aurei.
1126 3711 1193 3763 Viot.
1221 3711 1253 3761 de
1273 3709 1344 3762 Cae-

328 3799 430 3850 saribus
444 3798 523 3863 xvii,
536 3800 565 3850 i:
584 3800 644 3849 duro
661 3801 784 3849 incestam
795 3808 901 3848 trientem
913 3814 1074 3864 proceroque
1088 3787 1183 3864 potorii
1200 3793 1307 3862 syllaba'
1320 3798 1358 3847 re'

327 3891 387 3936 onte
409 3894 503 3952 potant
527 3885 635 3936 excidit.
671 3884 793 3951 Legerirn
812 3885 894 3951 igitur
916 3899 975 3934 curn
1002 3881 1107 3934 Clossio
1130 3881 1174 3946 (v.
1194 3885 1346 3934 versionem

332 3972 509 4039 germanicam
527 3987 553 4040 p.
573 3969 637 4033 iii)
655 3979 793 4038 repetant,
813 3981 889 4038 qnam
907 3967 1120 4021 emendationem
1140 3970 1217 4020 etiarn
1230 3969 1348 4020 iliciniuu

267 4065 272 4074 ·
325 4058 357 4107 in
368 4057 473 4108 rdiurnic
492 4060 573 4125 antiq.
592 4058 795 4108 Zimmermrmni
819 4073 844 4109 a.
861 4053 926 4108 1841
950 4073 995 4108 no.
1014 4053 1106 4122 1571».
1129 4053 1193 4110 tiit
1215 4053 1348 4121 macario

256 4141 322 4206 13⁴)
341 4143 410 4198 Vell.
428 4143 463 4207 ΙΙ,
488 4142 514 4207 9,
532 4141 549 4197 6
567 4145 695 4209 scriptura
714 4142 756 4197 ed.
773 4159 815 4210 pr.
833 4151 860 4194 et
879 4159 970 4210 apogr.
992 4141 1100 4194 Amerb.
1119 4140 1236 4192 secribus
1259 4139 1348 4192 eele-

327 4229 428 4297 brem,
451 4245 529 4298 quarn
548 4231 574 4281 in
592 4228 709 4301 sensibus
727 4229 845 4279 crebrum
869 4237 946 4280 acute
966 4228 1115 4280 emendavit
1135 4226 1265 4290 Orellius,
1291 4226 1347 4284 ori·

331 4317 419 4383 ginem
438 4319 508 4381 cepit
526 4331 541 4366 a
560 4314 718 4380 compendio
738 4308 847 4377 ibrum,
868 4313 940 4382 quod
958 4322 985 4364 ut
1003 4309 1124 4365 librarius
1144 4312 1244 4363 codicis
1263 4302 1343 4363 Mnib.

324 4401 394 4452 male
412 4402 643 4466 interpretaretur,
663 4415 696 4450 eo
721 4399 825 4451 lucilius
844 4400 901 4450 lieri
919 4401 1018 4466 potuit,
1038 4415 1090 4468 quo
1108 4399 1216 4465 propius
1235 4397 1347 4462 adjecti-

326 4501 387 4537 rnrrr
405 4485 504 4537 celebre
518 4485 654 4538 antecedit
672 4483 720 4548 [v.
738 4484 768 4546 §-
785 4481 830 4548 i).
866 4484 989 4536 Ceterum
1012 4485 1045 4536 de
1070 4484 1206 4537 locutione
1231 4483 1347 4536 rensibus

325 4572 513 4624 enimam
543 4571 596 4627 eir.
610 4571 692 4624 liritn.
714 4569 750 4620 cd
767 4569 793 4622 b.
811 4570 830 4625 l.
862 4570 957 4622 itaet
978 4571 1208 4636 iactum'.est.,..ut
1224 4569 1295 4626 toti.
1314 4569 1345 4634 ll,
