3525 5500
821 704 839 761 3

755 785 905 797 ..ψ-...-

277 896 388 971 Reliqui
418 898 479 956 libri
500 900 563 957 llsti
589 918 683 975 parum
705 902 764 958 noti
786 908 814 958 et
834 903 880 959 hic
902 901 959 959 illic
981 906 1082 959 tantum
1103 918 1119 960 a
1140 903 1207 961 airis
1226 903 1316 961 doctis
1336 903 1382 959 in·

277 1004 366 1075 specti
394 1010 470 1074 suut,
500 1010 530 1060 ut
558 1006 646 1060 neutri
674 1004 791 1061 familiae
817 1020 870 1061 ecs
897 1006 1055 1062 adscribere
1084 1007 1206 1063 sudeam.
1264 1007 1300 1063 Et
1321 1006 1381 1063 bie-

277 1106 372 1162 diceus
395 1100 502 1177 quidem
524 1124 560 1163 ex
582 1108 644 1179 ipsc
666 1108 715 1164 illo
738 1108 900 1180 archetypo,
923 1107 995 1164 unde
1017 1124 1112 1165 omnes
1134 1108 1269 1166 lihrlblsti
1291 1110 1382 1181 crigi-

277 1224 340 1264 nem
363 1208 507 1279 duxerunt‚
531 1210 683 1281 descriptus
706 1226 771 1267 esse
791 1210 907 1267 videtur.
951 1210 1089 1268 Eceteris
1110 1212 1228 1271 ismiliae
1242 1214 1382 1270 Romanae

276 1311 420 1367 codicibus
446 1312 560 1369 Furnos.
588 1312 659 1384 ileg.
684 1315 749 1371 Vut.
778 1312 869 1370 lece.
899 1312 1017 1371 vindob.
1055 1314 1137 1372 Oorh.
1174 1316 1243 1388 Agr.
1279 1324 1308 1373 ct
1337 1318 1381 1375 ed.

276 1414 348 1485 Spir.
371 1414 408 1469 ch
438 1422 539 1471 arctam
568 1417 764 1487 cognationem
790 1431 885 1472 rursus
915 1432 951 1474 ex
980 1434 1035 1474 unc
1064 1411 1217 1490 eodemque
1239 1422 1381 1493 archetypi

274 1491 353 1571 illius⁸
380 1519 543 1589 apographo
572 1536 644 1575 nuuc
673 1520 781 1591 quidem
809 1518 953 1591 deperdito
982 1521 1094 1577 duxisse
1122 1529 1205 1595 puto,
1236 1525 1311 1595 cujus
1340 1526 1382 1581 rei

275 1618 452 1675 clarissimum
474 1622 601 1677 indicium
623 1630 734 1693 praeter
755 1622 903 1679 notabilem
925 1630 953 1679 ct
974 1624 1067 1679 mirum
1089 1640 1184 1681 eorum
1215 1642 1380 1683 consensum

274 1721 302 1775 in
323 1722 463 1793 plerisque
483 1721 555 1779 locis
576 1725 754 1796 conspicuum
776 1724 856 1782 etiam
876 1727 905 1782 in
927 1742 962 1783 ec
986 1728 1194 1799 deprehendas,
1218 1729 1292 1800 quod
1314 1730 1379 1787 lies.

274 1824 338 1881 Vat.
353 1823 444 1881 lect.
467 1826 585 1881 vindob.
603 1827 673 1899 fleg.
690 1828 734 1883 ed.
748 1829 819 1901 spir.
834 1836 876 1901 ct,
891 1830 929 1884 uti
943 1830 1067 1903 videtur,
1082 1832 1145 1887 blas.
1155 1832 1238 1889 Corh.
1258 1832 1383 1905 Agrone

274 1924 306 1981 lh
334 1927 377 1996 V,
412 1926 461 1982 23.
490 1927 516 1983 iu
551 1930 635 1985 verba
662 1933 857 2003 mapnituds’ac
883 1934 1025 2005 potiorem
1059 1934 1190 1991 desinunt.
1235 1936 1301 1992 item
1329 1952 1383 2009 pa·

277 2044 344 2083 rens
372 2028 490 2087 familiae
517 2031 669 2089 (leunensis
698 2050 738 2089 ex
757 2036 909 2107 archetypo
940 2036 1093 2109 descriptus
1128 2040 1260 2111 temporis
1288 2040 1384 2111 injuria

273 2129 363 2201 periit.
407 2132 464 2187 Sed
492 2134 563 2190 haec
588 2134 728 2194 hactenus.
772 2137 832 2193 Jam
853 2154 922 2194 uero
947 2139 982 2195 de
1003 2140 1107 2211 indole,
1128 2142 1199 2213 ilde,
1222 2142 1384 2199 auctoritate

216 2281 219 2289 .
275 2233 401 2290 codicum
436 2235 567 2292 bistonum
591 2238 673 2295 nobis
708 2246 752 2296 est
780 2242 978 2314 disputandum.
1023 2242 1112 2299 Hodie
1140 2244 1248 2315 quidem
1276 2252 1385 2302 constat

275 2336 346 2392 inter
367 2337 444 2394 viros
461 2339 563 2396 doctos
583 2342 677 2398 codici
697 2342 822 2399 llediceo
844 2345 932 2415 longe
961 2346 1101 2401 maximam
1128 2348 1207 2403 iidem
1229 2355 1312 2419 atque
1332 2364 1384 2404 au-

278 2439 429 2495 ctoritatem
447 2439 616 2499 tribuendam
639 2460 718 2517 esse,
740 2452 771 2501 ut
783 2448 834 2503 toti
855 2448 1013 2504 recensioni
1036 2450 1112 2521 quasi
1134 2468 1185 2522 pro
1208 2450 1384 2508 fundamento

277 2540 451 2614 subjiciatur,
474 2539 574 2617 quippe
597 2547 641 2617 qui
662 2548 785 2619 reliquos
807 2566 903 2606 omnes
932 2552 1046 2607 codices
1068 2554 1104 2608 ita
1126 2554 1186 2610 iere
1208 2560 1333 2627 superet,
1356 2561 1386 2611 ut

274 2641 426 2700 Vossianus
451 2636 486 2701 ll.
507 2648 653 2720 blartialis,
675 2650 819 2707 Ravennas
841 2660 870 2709 et
894 2655 1017 2711 Venetus
1038 2654 1246 2729 Aristophanis,
1269 2658 1385 2715 Urbinas

273 2720 406 2803 isocratis
432 2750 555 2820 reliquos
568 2753 663 2808 libros.
708 2754 875 2826 Quamquam
898 2759 968 2813 enim
989 2759 1119 2816 Graevius
1141 2761 1168 2815 in
1184 2778 1227 2832 ep.
1251 2761 1285 2816 ad
1299 2761 1386 2818 licin-

273 2847 344 2902 sinm
364 2849 398 2903 Τ.
427 2843 474 2907 IV.
505 2852 569 2906 coll.
597 2852 628 2908 B.
657 2871 684 2926 p.
716 2852 787 2912 498,
814 2865 892 2914 recte
914 2861 1041 2916 iudicavit
1068 2863 1223 2935 exemplar,
1245 2864 1318 2920 unde
1339 2864 1386 2920 ille

273 2949 369 3005 codex
397 2951 523 3025 duxerit,
544 2956 704 3012 mendosum
733 2965 762 3014 et
787 2976 803 3015 a
825 2961 980 3019 semidoctc
1003 2965 1089 3022 luisse
1110 2968 1317 3040 interpolatum,
1340 2974 1386 3022 ta-

272 3067 334 3107 rsen
374 3054 455 3112 altius
482 3072 541 3118 rem
563 3060 729 3130 conjectanti
756 3070 811 3118 tum
840 3065 909 3122 ildes
938 3078 971 3123 ac
1000 3069 1118 3142 religio,
1148 3072 1244 3142 quihus
1272 3085 1305 3128 ea
1326 3071 1386 3142 ipsa

272 3155 415 3228 archetypi
437 3160 552 3232 menda,
576 3165 766 3237 corruptelae,
788 3167 1016 3240 interpolatrones
1039 3187 1056 3228 a
1077 3173 1188 3230 librario
1211 3173 1274 3231 listi
1288 3174 1386 3254 ¹illedi-

274 3259 318 3315 cei
340 3261 456 3330 repetita
486 3268 515 3318 et
544 3273 651 3321 servata
681 3275 760 3349 sunt,
784 3279 839 3325 tum
861 3273 951 3328 cautio
975 3275 1183 3348 moderatioque
1207 3258 1315 3350 etipsa
1338 3279 1383 3335 si-

273 3344 430 3436 nisteritas,
454 3365 549 3434 quibus
572 3369 656 3424 verba
686 3370 767 3426 dubia
789 3380 817 3430 et
839 3375 957 3433 obscura
979 3384 1079 3432 mutata
1109 3386 1138 3436 et
1166 3381 1230 3438 vitia
1254 3388 1381 3446 correcta

271 3469 352 3533 suut,
379 3473 484 3536 augent
497 3467 569 3524 ultro
591 3470 708 3526 hledicei
723 3475 921 3532 auctoritatem.
965 3477 1084 3537 Facilius
1107 3482 1177 3538 enim
1190 3483 1254 3539 sitia
1277 3485 1310 3540 ab
1332 3485 1386 3539 isn-

273 3565 371 3635 peritis
391 3567 501 3625 siuisue
522 3579 650 3628 correcta
671 3575 876 3649 intelliguntur,
901 3595 981 3650 quam
1004 3583 1027 3640 si
1048 3599 1100 3655 qua
1123 3583 1277 3644 emendatio
1291 3589 1386 3661 specie

227 3710 229 3713 .
272 3667 429 3738 aptitudinis
451 3678 478 3726 et
508 3673 661 3731 subtilitatis
683 3679 764 3734 nobis
786 3681 911 3752 imponit.
960 3685 1076 3744 Omnino
1106 3689 1245 3763 utriusque
1267 3691 1385 3748 familiae
1453 3705 1456 3709 ’

269 3770 340 3825 ratio
355 3771 383 3826 in
404 3770 554 3831 reddendis
568 3777 710 3851 archetypi
731 3781 822 3839 verbis
839 3793 882 3840 est
906 3787 1022 3848 diversa.
1067 3792 1119 3850 Hic
1140 3795 1181 3850 rei
1197 3795 1303 3870 cardo,
1328 3798 1385 3854 hoc

192 3935 196 3943 1
268 3873 352 3928 totius
376 3877 468 3946 operis
498 3879 586 3936 critici
612 3880 820 3944 fundamentum.
873 3892 940 3950 Erat
969 3896 1147 3969 iampridem
1174 3906 1265 3956 textus
1289 3901 1385 3958 Taciti

267 3974 304 4033 iu‘
320 3979 505 4039 vetustissimo
540 3984 692 4056 archetypo
721 4002 803 4062 casu,
836 3997 1025 4071 negligentia,
1054 4001 1246 4074 festinatione,
1275 4003 1381 4060 inscitia

270 4076 395 4149 barbari,
423 4089 459 4136 ut.
473 4084 595 4157 videtur,
618 4087 721 4146 librarii
733 4104 879 4168 corruptus
902 4107 946 4172 et,
968 4108 998 4157 ut
1020 4103 1145 4174 cqrridem
1169 4107 1308 4177 conjicio,
1331 4123 1385 4179 pa-

268 4194 328 4234 rum
349 4182 443 4254 clare,
464 4186 566 4259 nilide,
590 4189 719 4250 distincte
739 4200 866 4272 scriptus.
910 4203 970 4260 Jam
982 4205 1101 4279 librarii,
1125 4225 1203 4280 quum
1218 4209 1302 4266 verba
1318 4225 1385 4266 cos-

265 4288 345 4354 rupta
373 4291 402 4340 et
424 4285 571 4374 depravata
594 4301 640 4350 aut
660 4295 827 4372 investigatu
850 4307 969 4364 diliciliu
993 4327 1057 4366 esse
1079 4311 1296 4384 intellexissent,
1319 4329 1381 4368 mu-

268 4401 337 4442 nere
358 4404 410 4452 suc
433 4391 479 4446 alii
500 4394 555 4451 alic
577 4398 661 4454 modo
683 4404 821 4474 perfuncti
842 4418 913 4466 sunt.
957 4412 992 4468 Et
1006 4414 1123 4472 Medicei
1146 4416 1254 4485 quidem
1276 4417 1383 4472 codicis

265 4486 391 4548 librarius
427 4499 482 4550 mm
524 4501 626 4558 uetusti
660 4503 723 4562 libri
761 4524 889 4585 errores,
926 4516 987 4587 quin
1023 4523 1052 4572 et
1083 4523 1203 4574 monstra
1239 4521 1385 4576 verborum

266 4607 369 4649 summa
398 4611 460 4653 cum
503 4601 557 4659 lida
592 4610 776 4683 propagarit,
803 4620 858 4671 tum
890 4618 950 4690 ejus
980 4620 1096 4694 uestigia
1123 4621 1242 4763 :ideliter
1272 4632 1383 4683 secutus

1152 4710 1169 4744 ll*
