3525 5500
778 604 1040 698 ,239-

414 803 505 860 editor
533 803 715 860 felicissimam
751 802 928 860 Freinshemii
958 805 1142 876 conjectarem
1177 803 1205 860 in
1237 807 1342 860 textum
1374 801 1500 858 admittere

418 907 621 978 dignatusest.
644 907 670 964 is
683 906 754 962 enim
777 922 793 962 e
814 906 935 964 lectione
951 907 1031 963 codd⁴
1047 907 1099 962 ils.
1113 906 1144 962 B.
1167 906 1209 962 ed.
1231 906 1302 977 Spin.
1319 913 1349 962 et
1365 913 1501 979 postquam

413 1010 526 1080 adnuit,
549 1018 675 1065 locere
695 1009 834 1082 incipiant
850 1009 943 1065 elicuit
958 1003 1160 1090 ¹iacerem)
1180 1011 1339 1082 iacipicat3
1362 1024 1500 1080 quaeran-

413 1113 524 1184 jecturn
545 1113 613 1168 solis
636 1112 743 1184 Rpckio
767 1128 799 1167 no
812 1111 981 1168 Doederlino
1002 1112 1112 1184 placuit.
1156 1113 1193 1167 Ut
1213 1112 1250 1167 nil
1265 1112 1371 1184 dicam,
1392 1111 1461 1183 qnod
1473 1127 1501 1166 ex

420 1215 530 1286 vulgata
545 1215 665 1270 lectione
687 1231 792 1286 apere,
816 1229 886 1284 quse
908 1214 935 1270 in
951 1215 1013 1271 cod.
1027 1215 1058 1270 ll.
1073 1221 1102 1270 et
1122 1215 1177 1270 nlin
1192 1214 1298 1286 quidem
1318 1231 1398 1270 manu
1414 1229 1502 1284 snper·

415 1318 516 1389 scripte
537 1317 565 1372 in
587 1318 638 1373 llln.
660 1317 810 1388 reperitur,
832 1316 904 1372 houd
925 1317 1007 1373 laeilc
1036 1317 1147 1372 verbum
1177 1324 1276 1372 tacere
1304 1317 1397 1388 aliqua
1415 1331 1502 1372 carru·

344 1461 347 1468 .
415 1419 507 1492 ptelre
528 1420 634 1476 ratione
656 1419 722 1476 oriri
743 1419 847 1491 potuit,
871 1420 912 1476 uis
934 1420 1012 1476 verbi
1033 1437 1121 1492 apere
1148 1420 1181 1475 nli
1203 1420 1281 1489 tnjns
1302 1420 1362 1476 loci
1382 1418 1501 1476 sententis

415 1523 501 1578 alienu
524 1529 574 1579 est.
625 1522 721 1593 Neque
749 1523 821 1578 enim
845 1539 936 1578 sermo
965 1530 1008 1578 est
1036 1523 1072 1578 dc
1100 1537 1183 1578 causa
1205 1523 1278 1594 npud
1303 1522 1414 1594 judices
1441 1528 1501 1590 nain,
1565 1552 1566 1559 ,

415 1641 506 1697 reque
527 1631 592 1682 tunc
614 1625 719 1681 demum
743 1632 842 1696 caepta
867 1631 910 1682 cst
930 1642 976 1681 res
998 1642 1014 1680 n
1036 1626 1133 1682 Suillio
1154 1633 1184 1682 et
1196 1625 1362 1682 Cossutiano
1388 1631 1416 1680 et
1436 1629 1504 1680 cete·

413 1728 451 1784 ris
474 1728 535 1799 nai,
558 1727 610 1784 sed
628 1728 684 1798 jum
707 1727 805 1784 dudum
826 1727 853 1784 in
873 1734 970 1784 sennia
991 1728 1132 1799 agebatur.
1169 1729 1269 1784 Verum
1286 1729 1402 1786 uerbum
1420 1729 1504 1783 isam

415 1830 568 1909 sentcntiae
590 1829 761 1902 aptissimum.
794 1831 944 1902 Usurpntur
966 1831 1052 1901 enim,
1074 1831 1102 1886 id
1124 1831 1197 1902 quod
1214 1831 1358 1888 Ernestins
1381 1831 1416 1887 nd
1436 1847 1460 1886 c·
1475 1827 1505 1882 ts

417 1910 513 1988 noenu
541 1932 606 1988 eon.
639 1933 755 2003 interpp.
778 1932 845 1988 mvn
868 1933 903 1987 nu
938 1933 1030 2003 xxv,
1053 1931 1091 2004 u,
1112 1933 1137 1988 a
1159 1933 1218 2004 qun
1239 1933 1342 2004 pesam
1363 1933 1409 1990 vet
1430 1932 1506 1988 curer

416 2035 465 2099 vel¹
477 2040 602 2106 tanquam
615 2034 728 2090 fortuito
743 2034 787 2090 vol
806 2041 910 2090 temere
925 2035 1090 2106 suspicionis
1105 2036 1273 2106 movendae,
1295 2036 1440 2108 arguendi,
1460 2048 1505 2089 ex-

415 2136 575 2210 probrandi,
597 2137 748 2209 pungendi,
771 2137 901 2193 irridendi
923 2154 1005 2194 causn
1020 2137 1133 2208 alicujus
1150 2137 1191 2194 rei
1204 2139 1369 2194 mentionem
1389 2136 1506 2196 iniecisse
1571 2128 1573 2201 ]

418 2240 523 2296 dicitur.
567 2239 724 2312 Exemplis,
748 2257 816 2312 quae
835 2240 976 2296 Ernestius
999 2256 1016 2296 c
1037 2240 1133 2297 Tacita
1157 2241 1316 2312 congessit,
1340 2241 1413 2297 ndde
1433 2239 1506 2294 haec:

413 2341 447 2398 A.
470 2342 523 2412 111,
546 2341 574 2396 8.
596 2341 708 2398 Drusus
737 2343 850 2414 Pisani,
881 2344 907 2398 ri
934 2359 1005 2400 carc
1033 2331 1147 2414 foreat,
1178 2360 1252 2416 qaae
1276 2345 1506 2414 jaceremus,

410 2445 601 2517 praecipuam
626 2446 658 2499 ia
684 2445 783 2500 dolare
810 2461 894 2500 suam
922 2447 1017 2501 locam
1043 2447 1205 2520 respondit3
1236 2462 1260 2501 c.
1283 2445 1334 2500 66.
1358 2446 1506 2502 Mamercus

415 2547 536 2618 antiqua
559 2547 689 2620 ecempla
710 2548 789 2602 iaci
797 2555 873 2617 eas,
897 2547 930 2603 Α.
953 2549 1007 2618 Vl,
1031 2547 1059 2602 ll.
1082 2551 1108 2603 si
1130 2565 1187 2621 qua
1206 2549 1353 2605 discordes
1374 2551 1507 2613 iecissent,

413 2649 514 2706 melias
542 2648 703 2706 oblitterari
732 2652 895 2724 respondit,
925 2651 958 2708 Α.
981 2650 1045 2722 llll,
1070 2649 1119 2707 64.
1146 2668 1244 2707 nocem
1272 2653 1402 2722 Claudii,
1433 2663 1508 2724 qaam

415 2754 585 2821 temulentas
606 2756 776 2827 iecerat3
799 2755 831 2811 A.
855 2756 920 2825 XV,
945 2756 994 2811 50.
1015 2755 1072 2811 init.
1103 2772 1170 2827 erpa
1200 2756 1267 2812 dam
1295 2757 1410 2813 scelera
1427 2754 1505 2828 pria-

414 2856 485 2930 cipis
514 2866 541 2913 et
567 2859 653 2931 daem
680 2859 781 2915 adesse
816 2860 935 2932 imperio
964 2859 1213 2931 deliqaadampac,
1242 2859 1292 2931 qai
1318 2858 1405 2929 fessis
1432 2853 1508 2911 reiut

415 2968 613 3030 succurreret,
635 2962 753 3017 interce
776 2969 828 3017 act
852 2964 930 3017 irater
952 2962 1058 3017 aracos
1079 2963 1092 3016 i
1099 2963 1160 3017 aci
1167 2969 1238 3017 cat.
1269 2961 1308 3015 lta
1321 2961 1346 3015 lt.
1370 2961 1388 3017 l.
1412 2959 1507 3025 dicitnr,

414 3074 469 3116 non
488 3061 561 3131 justa
577 3063 702 3118 oratione
724 3078 813 3133 neque
827 3062 923 3118 ordine
944 3070 1054 3119 servato
1070 3080 1150 3117 unum
1172 3074 1217 3118 ant
1237 3062 1350 3118 alterum
1372 3063 1435 3119 telis
1457 3059 1508 3115 dis·

414 3162 551 3235 seruisso,
589 3163 640 3219 sed
668 3164 771 3220 turbam
799 3165 1002 3237 deprecantium
1036 3172 1064 3221 ct
1092 3163 1238 3222 Caesarem
1266 3162 1508 3223 circumsistentium

413 3266 514 3341 passim
544 3282 577 3323 ac
603 3268 760 3339 promiscue
786 3268 869 3323 verhn
899 3284 950 3339 pro
973 3284 1005 3324 sc
1026 3268 1146 3340 fecisse,
1174 3269 1292 3323 utullus
1315 3268 1508 3324 nliudmema·

413 3370 522 3427 reverit.
573 3371 621 3429 Sic
647 3371 703 3427 Liv.
726 3370 818 3443 XXV,
847 3369 882 3427 d:
910 3370 983 3429 itaea
1013 3389 1097 3445 paam
1127 3370 1164 3426 ab
1193 3374 1295 3445 optima
1325 3387 1437 3444 qaoque
1460 3380 1507 3441 pro

415 3474 571 3531 atrocitate
593 3476 638 3531 rei
665 3476 770 3530 iacta
799 3483 900 3531 essent.
944 3474 1071 3531 ceterum
1101 3474 1292 3546 descriptura
1313 3481 1384 3529 acto
1404 3483 1508 3535 maneo,

415 3582 485 3630 acta
505 3591 558 3651 pro
580 3577 661 3633 iacta
682 3576 752 3633 Anu.
774 3577 826 3647 ill,
851 3575 900 3632 18.
929 3576 956 3631 in
980 3576 1061 3632 codd.
1084 3575 1253 3635 crescon.
1276 3572 1323 3642 (in
1344 3569 1449 3647 marg.)
1470 3568 1507 3627 ed

417 3712 508 3723 ———-

499 3795 623 3849 codicum
635 3796 764 3851 lectiones
778 3814 793 3849 n
806 3798 913 3866 vulgata
927 3797 1107 3864 discrepantes
1122 3799 1150 3849 in
1168 3798 1303 3865 publicum
1322 3798 1410 3851 editae
1429 3799 1505 3848 erant

499 3878 714 3945 ConJcclurnrum
732 3884 782 3935 arti
800 3885 879 3951 igitur
896 3884 1033 3949 primarius
1052 3883 1127 3936 lacus
1145 3884 1333 3937 concedendus
1351 3892 1407 3949 est,
1433 3888 1508 3947 utqut

498 3965 625 4019 liberiora
644 3966 754 4035 quadam
772 3968 872 4021 luuntur
890 3968 1007 4021 licentia.
1042 3967 1125 4028 Ouum
1144 3968 1328 4021 condicionem
1347 3970 1387 4021 rci
1405 3967 1508 4019 aritiens

500 4052 523 4105 si
541 4052 593 4103 viri
611 4050 683 4103 docti
702 4060 882 4119 reputassent,
902 4061 976 4105 certo
995 4070 1049 4105 non
1067 4053 1163 4105 factum
1183 4061 1267 4117 esset,
1286 4062 1314 4105 nt
1331 4062 1416 4107 textus
1433 4048 1508 4117 Agri·

499 4135 577 4187 colna
594 4138 703 4205 ingenio
727 4137 847 4189 Rhomnoi
866 4138 1000 4205 Lipsiiquc
1020 4138 1171 4189 emendatus
1194 4141 1221 4191 in
1240 4139 1431 4193 recentioribus
1451 4134 1509 4203 qui·

498 4218 608 4271 busdam
627 4222 802 4287 editionibus,
827 4222 980 4277 Dronkiunn
1003 4225 1086 4291 prima
1110 4225 1273 4290 potissimum
1297 4225 1508 4288 Beckerianaquc

500 4314 527 4357 ct
544 4306 710 4371 Hertelinus,
729 4308 840 4361 subinde
858 4326 947 4362 rursus
965 4310 993 4360 in
1011 4309 1126 4363 deterius
1144 4318 1294 4364 mutaretur.

429 4385 479 4453 84)
497 4389 599 4445 Eodem
616 4392 695 4445 modo
714 4392 796 4445 uerba
816 4396 887 4447 iacui
904 4403 931 4447 et
948 4398 1020 4447 tacui
1038 4396 1147 4449 confusa
1165 4396 1313 4463 npndPlin.
1330 4386 1508 4465 spp.1x,36‚

500 4472 532 4537 5,
550 4476 595 4528 ubi
613 4477 679 4529 illud
703 4476 822 4543 Cottius,
849 4477 996 4548 Gicrigins,
1017 4480 1144 4535 Schnelcr
1168 4480 1230 4535 huic
1245 4480 1304 4549 jure
1326 4479 1510 4550 praetulerunt
