3525 5500
819 603 875 660 tet

768 687 929 697 ῳ...-

294 818 335 875 pr.
359 798 491 873 scriptura
514 801 639 858 codicum
661 810 689 858 et
710 802 772 859 edd.
795 811 859 860 vett.
879 812 1023 877 postremo
1047 820 1082 860 ex
1105 803 1268 878 compendio
1300 768 1396 878 puolo,

297 905 371 977 quod
388 913 506 978 postero
528 906 554 961 ln.
575 905 593 959 l.
615 906 767 979 significat,
790 914 848 962 orta
871 924 935 963 esse
957 907 1070 964 videtur.

395 1009 426 1064 ll.
449 1008 471 1080 l,
494 1009 522 1064 8.
544 1010 571 1064 in
593 1010 744 1081 archetypo
766 981 821 1067 doe
843 1011 893 1067 ie.
917 1011 991 1067 dono
1013 1010 1141 1082 scriptum
1164 1010 1249 1067 luisse
1270 1008 1394 1080 videtur,

298 1112 372 1183 quod
393 1112 599 1183 compendium,
629 1129 709 1183 quum
737 1114 890 1169 alibrariis
919 1128 970 1185 pro
1002 1113 1163 1184 compendio
1187 1113 1315 1169 vocabuli
1337 1114 1394 1169 do-

294 1218 370 1271 mino
399 1215 561 1286 haberetur,
592 1216 767 1271 occasionem
796 1217 921 1287 praebuit
958 1216 1069 1272 lectioni
1098 1215 1223 1271 codicum
1253 1216 1339 1271 llaG.
1368 1223 1396 1272 et

292 1318 425 1374 editionis
445 1320 514 1390 Spir.
546 1320 656 1375 recenti
677 1320 819 1375 domiuo
842 1320 990 1375 Romarm
1013 1320 1149 1389 civitatis,
1180 1298 1264 1389 quam
1279 1317 1395 1375 Baohius

295 1422 373 1477 solus
395 1420 422 1475 in
443 1426 544 1476 tortum
572 1420 693 1493 recepit,
724 1422 823 1493 quippe
845 1422 961 1492 vestigia
983 1421 1168 1478 llediceornm
1196 1420 1325 1476 librorum
1347 1438 1396 1477 re-

294 1523 397 1594 ligiose
408 1539 542 1595 premens.
587 1525 641 1580 Cir.
664 1532 753 1581 tamen
776 1542 845 1596 quae
867 1524 1039 1583 Heinisehius
1061 1526 1087 1581 in
1110 1525 1260 1597 scriptione
1281 1524 1395 1581 schola-

295 1626 364 1684 stica
387 1626 472 1683 (llatz.
498 1624 590 1688 asto.
612 1627 684 1683 edita
705 1646 732 1700 p.
758 1626 806 1684 10.
828 1644 869 1699 sq.
893 1635 988 1683 contra
1011 1627 1146 1684 disseruit.

396 1729 453 1785 Sed
480 1730 551 1785 haec
579 1730 718 1786 hactenus.
762 1730 844 1786 Juhet
873 1731 943 1787 enim
966 1732 1058 1803 operis
1087 1731 1184 1787 modus
1205 1717 1310 1801 reliqna
1332 1729 1394 1785 lle-

297 1831 436 1888 dioeorum
466 1832 593 1888 codicum
620 1833 684 1889 vitia
712 1850 763 1905 per
784 1851 860 1891 auum
891 1834 1018 1905 quodque
1046 1850 1134 1905 genus
1157 1832 1288 1904 disposita
1310 1833 1395 1889 altera

295 1934 479 2007 disputatione
513 1937 654 1991 recenseri
688 1943 769 2008 atque
797 1937 924 2009 tractari,
956 1938 990 1993 ad
1020 1954 1115 2008 quam,
1147 1953 1225 2008 quum
1254 1935 1395 1992 maximam

294 2045 398 2109 partem
420 2038 472 2093 iam
494 2039 529 2095 sit
550 2038 635 2098 literis
658 2040 797 2111 mandata,
820 2041 954 2097 lectorem
977 2041 1087 2111 delego.
1132 2040 1241 2095 Interim
1261 2045 1305 2111 ut,
1330 2039 1393 2110 quid

296 2140 426 2211 reliquum
448 2142 499 2212 sit,
521 2158 707 2213 praenoscas,
730 2143 837 2213 singula
865 2144 991 2200 vitiorum
1014 2160 1117 2213 genera
1139 2144 1166 2198 in
1188 2143 1299 2198 brevem
1322 2157 1394 2197 con-

296 2244 524 2313 spectumdalto.
570 2245 747 2301 Continentur
769 2252 859 2301 autam
882 2250 977 2316 quarto
1002 2246 1107 2303 decimo
1132 2262 1236 2316 genere
1258 2252 1393 2301 transmu-

292 2350 349 2401 tata
370 2347 470 2418 verba,
495 2347 711 2418 quintodecimo
734 2350 916 2419 transpositae
938 2349 1050 2421 literae,
1073 2356 1154 2412 serto
1170 2349 1279 2405 decimo
1295 2347 1403 2403 literae¹

293 2447 470 2521 syllabaeque
493 2452 614 2507 divulsae
628 2459 673 2507 aut
696 2452 847 2523 conflatae,
870 2452 988 2523 septimo
1003 2451 1110 2509 decimo
1125 2450 1258 2510 uocabula
1280 2449 1403 2507 libra'riia'1

291 2552 387 2622 ignota
409 2554 499 2625 notis,
522 2562 567 2610 aut
588 2555 683 2611 similia
711 2556 841 2611 similibus
872 2562 988 2625 mutata,
1019 2552 1246 2611 duodevicesimo
1273 2553 1330 2609 loci
1359 2554 1403 2607 exi

290 2671 423 2727 perversa
445 2658 590 2712 verborum
612 2666 744 2714 structura
768 2676 801 2713 ac
827 2658 965 2715 sententia
989 2657 1059 2713 male
1082 2657 1219 2725 intellecta
1242 2672 1256 2710 a
1279 2654 1395 2709 librariis

293 2765 395 2830 suopte
423 2758 536 2829 ingenio
573 2761 599 2814 in
628 2762 707 2832 peina
736 2764 844 2832 mutati,
873 2761 1077 2817 undevicesimo
1107 2759 1295 2830 corruptelae,
1328 2774 1396 2829 quae

227 2923 231 2928 ,
292 2862 358 2917 inde
380 2868 459 2917 ortae
479 2867 556 2932 sunt,
580 2863 654 2932 quod
681 2863 783 2919 librarii
804 2865 926 2936 singulas
955 2864 1047 2919 literas
1070 2863 1224 2934 syllabasve
1245 2863 1272 2917 in
1295 2861 1395 2916 arche-

290 2971 359 3036 typo
383 2965 543 3020 emendandi
566 2966 654 3036 gratia
676 2982 759 3036 super
780 2983 888 3022 versum
903 2967 1018 3038 scriptas
1041 2967 1077 3022 ita
1099 2967 1126 3022 in
1150 2973 1251 3022 textum
1271 2979 1394 3036 recepe-

293 3074 369 3137 runt,
392 3073 421 3122 ut
443 3067 521 3123 simul
542 3067 635 3123 literas
658 3068 814 3139 syllabasvc
842 3069 940 3126 liturae
963 3071 1045 3140 signo
1068 3076 1174 3125 notatas
1197 3069 1267 3124 rnale
1288 3069 1395 3125 retiae·

292 3175 361 3224 rent.
405 3170 568 3226 Vicesimum
598 3188 686 3240 genus
716 3180 823 3228 constat
851 3173 922 3229 locis
952 3191 1001 3245 per
1024 3174 1203 3229 additamenta
1226 3180 1253 3228 et
1276 3172 1391 3242 glosse-

292 3278 361 3328 mata
383 3272 570 3345 interpolatis,
592 3289 672 3327 unum
701 3280 729 3327 et
756 3277 913 3330 vicesimum
942 3277 1045 3331 lacunis
1069 3277 1245 3348 complurium
1266 3274 1392 3330 vocabu-

292 3374 378 3430 lorum
401 3382 429 3430 et
456 3377 626 3446 integrorum
648 3393 790 3447 versuum,
819 3378 932 3432 alterum
963 3385 990 3433 et
1020 3379 1175 3434 vicesimum
1196 3378 1287 3434 verbis
1309 3394 1394 3449 prae-

290 3485 404 3549 postere
433 3478 627 3549 interpunctis,
657 3479 763 3533 tertium
793 3487 821 3536 et
848 3480 1005 3536 vicesimum
1035 3481 1150 3554 denique
1178 3481 1270 3538 verbis
1294 3486 1389 3536 contra

293 3580 506 3652 orthographiae
527 3581 608 3652 leges
630 3582 747 3653 scriptis.
