<?xml version="1.0" encoding="UTF-8"?>
<!DOCTYPE html PUBLIC "-//W3C//DTD XHTML 1.0 Transitional//EN"
    "http://www.w3.org/TR/xhtml1/DTD/xhtml1-transitional.dtd">
<html xmlns="http://www.w3.org/1999/xhtml" xml:lang="en" lang="en">
 <head>
  <title>
</title>
<meta http-equiv="Content-Type" content="text/html;charset=utf-8" />
  <meta name='ocr-system' content='tesseract 3.04.00' />
  <meta name='ocr-capabilities' content='ocr_page ocr_carea ocr_par ocr_line ocrx_word'/>
</head>
<body>
  <div class='ocr_page' id='page_1' title='image "./studiacriticain00heragoog_0044.png"; bbox 0 0 3525 5500; ppageno 0'>
   <div class='ocr_carea' id='block_1_1' title="bbox 868 658 1019 751">
    <p class='ocr_par' dir='ltr' id='par_1_1' title="bbox 868 658 1019 751">
     <span class='ocr_line' id='line_1_1' title="bbox 868 658 1019 751; baseline 0 -36"><span class='ocrx_word' id='word_1_1' title='bbox 868 658 1019 751; x_wconf 41' lang='lat'><em>*³9—</em></span> 
     </span>
    </p>
   </div>
   <div class='ocr_carea' id='block_1_2' title="bbox 384 850 1502 2055">
    <p class='ocr_par' dir='ltr' id='par_1_2' title="bbox 387 850 1502 1437">
     <span class='ocr_line' id='line_1_2' title="bbox 396 850 1502 925; baseline 0.005 -19"><span class='ocrx_word' id='word_1_2' title='bbox 396 857 485 921; x_wconf 81' lang='lat' dir='ltr'><em>eraot,</em></span> <span class='ocrx_word' id='word_1_3' title='bbox 507 852 564 909; x_wconf 84' lang='lat' dir='ltr'><em>ieri</em></span> <span class='ocrx_word' id='word_1_4' title='bbox 586 852 706 922; x_wconf 81' lang='lat' dir='ltr'><em>solebat,</em></span> <span class='ocrx_word' id='word_1_5' title='bbox 725 860 756 908; x_wconf 90' lang='lat' dir='ltr'><em>nt</em></span> <span class='ocrx_word' id='word_1_6' title='bbox 772 853 865 911; x_wconf 93' lang='grc' dir='ltr'><strong>Μία</strong></span> <span class='ocrx_word' id='word_1_7' title='bbox 878 853 1017 925; x_wconf 73' lang='lat' dir='ltr'><em>eujus·</em></span> <span class='ocrx_word' id='word_1_8' title='bbox 1030 852 1167 925; x_wconf 64' lang='lat' dir='ltr'><em>roman,</em></span> <span class='ocrx_word' id='word_1_9' title='bbox 1188 852 1263 925; x_wconf 86' lang='lat' dir='ltr'><em>qnod</em></span> <span class='ocrx_word' id='word_1_10' title='bbox 1282 851 1369 911; x_wconf 78' lang='lat' dir='ltr'><em>niodo</em></span> <span class='ocrx_word' id='word_1_11' title='bbox 1390 850 1502 911; x_wconf 75' lang='lat' dir='ltr'><em>desen·</em></span> 
     </span>
     <span class='ocr_line' id='line_1_3' title="bbox 388 956 1501 1029; baseline 0.004 -20"><span class='ocrx_word' id='word_1_12' title='bbox 388 961 515 1025; x_wconf 68' lang='lat' dir='ltr'><em>namt,</em></span> <span class='ocrx_word' id='word_1_13' title='bbox 537 972 673 1011; x_wconf 82' lang='lat' dir='ltr'><em>memores</em></span> <span class='ocrx_word' id='word_1_14' title='bbox 692 968 751 1011; x_wconf 82' lang='lat' dir='ltr'><em>rem</em></span> <span class='ocrx_word' id='word_1_15' title='bbox 777 957 815 1013; x_wconf 83' lang='lat' dir='ltr'><em>ita</em></span> <span class='ocrx_word' id='word_1_16' title='bbox 838 958 964 1028; x_wconf 80' lang='lat' dir='ltr'><em>expediri</em></span> <span class='ocrx_word' id='word_1_17' title='bbox 992 958 1180 1029; x_wconf 82' lang='lat' dir='ltr'><em>opinarentur,</em></span> <span class='ocrx_word' id='word_1_18' title='bbox 1203 963 1233 1013; x_wconf 88' lang='lat' dir='ltr'><em>nt</em></span> <span class='ocrx_word' id='word_1_19' title='bbox 1260 956 1296 1011; x_wconf 84' lang='lat' dir='ltr'><em>ad</em></span> <span class='ocrx_word' id='word_1_20' title='bbox 1325 956 1501 1015; x_wconf 67' lang='lat' dir='ltr'><em>substition-</em></span> 
     </span>
     <span class='ocr_line' id='line_1_4' title="bbox 387 1056 1501 1130; baseline 0.005 -19"><span class='ocrx_word' id='word_1_21' title='bbox 387 1056 450 1111; x_wconf 78' lang='lat' dir='ltr'><em>rlaos</em></span> <span class='ocrx_word' id='word_1_22' title='bbox 479 1057 550 1113; x_wconf 83' lang='lat' dir='ltr'><em>hano</em></span> <span class='ocrx_word' id='word_1_23' title='bbox 570 1072 669 1113; x_wconf 72' lang='lat' dir='ltr'><em>vocene</em></span> <span class='ocrx_word' id='word_1_24' title='bbox 688 1073 740 1129; x_wconf 82' lang='lat' dir='ltr'><em>pro</em></span> <span class='ocrx_word' id='word_1_25' title='bbox 762 1058 843 1114; x_wconf 76' lang='lat' dir='ltr'><em>dunis</em></span> <span class='ocrx_word' id='word_1_26' title='bbox 865 1060 1042 1130; x_wconf 79' lang='lat' dir='ltr'><em>suffugerent.</em></span> <span class='ocrx_word' id='word_1_27' title='bbox 1072 1058 1238 1129; x_wconf 76' lang='lat' dir='ltr'><em>Quanquam</em></span> <span class='ocrx_word' id='word_1_28' title='bbox 1258 1058 1397 1117; x_wconf 78' lang='lat' dir='ltr'><em>interdum</em></span> <span class='ocrx_word' id='word_1_29' title='bbox 1419 1059 1501 1117; x_wconf 78' lang='lat' dir='ltr'><em>suan</em></span> 
     </span>
     <span class='ocr_line' id='line_1_5' title="bbox 389 1159 1501 1232; baseline 0.004 -19"><span class='ocrx_word' id='word_1_30' title='bbox 389 1159 506 1229; x_wconf 85' lang='lat' dir='ltr'><em>accidit,</em></span> <span class='ocrx_word' id='word_1_31' title='bbox 535 1166 565 1215; x_wconf 92' lang='lat' dir='ltr'><em>ut</em></span> <span class='ocrx_word' id='word_1_32' title='bbox 593 1160 667 1217; x_wconf 85' lang='lat' dir='ltr'><em>nulia</em></span> <span class='ocrx_word' id='word_1_33' title='bbox 697 1161 809 1231; x_wconf 76' lang='lat' dir='ltr'><em>legendi</em></span> <span class='ocrx_word' id='word_1_34' title='bbox 836 1162 994 1219; x_wconf 84' lang='lat' dir='ltr'><em>difficultate</em></span> <span class='ocrx_word' id='word_1_35' title='bbox 1029 1162 1057 1219; x_wconf 89' lang='lat' dir='ltr'><em>in</em></span> <span class='ocrx_word' id='word_1_36' title='bbox 1078 1162 1218 1232; x_wconf 71' lang='lat' dir='ltr'><em>angustias</em></span> <span class='ocrx_word' id='word_1_37' title='bbox 1247 1160 1339 1219; x_wconf 81' lang='lat' dir='ltr'><em>cunuti</em></span> <span class='ocrx_word' id='word_1_38' title='bbox 1383 1162 1501 1232; x_wconf 67' lang='lat' dir='ltr'><em>waurin</em></span> 
     </span>
     <span class='ocr_line' id='line_1_6' title="bbox 388 1259 1499 1334; baseline 0.005 -18"><span class='ocrx_word' id='word_1_39' title='bbox 388 1262 531 1317; x_wconf 69' lang='lat' dir='ltr'><strong>oscitantia</strong></span> <span class='ocrx_word' id='word_1_40' title='bbox 551 1278 585 1317; x_wconf 86' lang='lat' dir='ltr'><em>uo</em></span> <span class='ocrx_word' id='word_1_41' title='bbox 602 1262 733 1319; x_wconf 79' lang='lat' dir='ltr'><em>socordia</em></span> <span class='ocrx_word' id='word_1_42' title='bbox 748 1264 859 1319; x_wconf 82' lang='lat' dir='ltr'><em>verbum</em></span> <span class='ocrx_word' id='word_1_43' title='bbox 873 1263 1010 1333; x_wconf 78' lang='lat' dir='ltr'><em>quoddam</em></span> <span class='ocrx_word' id='word_1_44' title='bbox 1023 1264 1150 1334; x_wconf 81' lang='lat' dir='ltr'><em>proximu</em></span> <span class='ocrx_word' id='word_1_45' title='bbox 1165 1263 1252 1321; x_wconf 87' lang='lat' dir='ltr'><em>siutiie</em></span> <span class='ocrx_word' id='word_1_46' title='bbox 1266 1263 1422 1323; x_wconf 76' lang='lat' dir='ltr'><em>redderent</em></span> <span class='ocrx_word' id='word_1_47' title='bbox 1433 1259 1499 1327; x_wconf 80' lang='lat'><strong>¹¹).</strong></span> 
     </span>
     <span class='ocr_line' id='line_1_7' title="bbox 387 1361 1361 1437; baseline 0.006 -18"><span class='ocrx_word' id='word_1_48' title='bbox 387 1361 473 1431; x_wconf 79' lang='lat' dir='ltr'><em>Quam</em></span> <span class='ocrx_word' id='word_1_49' title='bbox 496 1365 716 1422; x_wconf 76' lang='lat' dir='ltr'><em>observationem</em></span> <span class='ocrx_word' id='word_1_50' title='bbox 737 1366 780 1421; x_wconf 80' lang='lat' dir='ltr'><em>isis</em></span> <span class='ocrx_word' id='word_1_51' title='bbox 801 1366 934 1437; x_wconf 64' lang='lat' dir='ltr'><em>aemulis</em></span> <span class='ocrx_word' id='word_1_52' title='bbox 957 1366 1099 1437; x_wconf 81' lang='lat' dir='ltr'><em>probatum</em></span> <span class='ocrx_word' id='word_1_53' title='bbox 1120 1366 1154 1421; x_wconf 83' lang='lat' dir='ltr'><em>isi</em></span> <span class='ocrx_word' id='word_1_54' title='bbox 1173 1376 1269 1437; x_wconf 68' lang='lat' dir='ltr'><em>spata</em></span> <span class='ocrx_word' id='word_1_55' title='bbox 1349 1394 1361 1423; x_wconf 87' lang='grc'><strong>.-</strong></span> 
     </span>
    </p>

    <p class='ocr_par' dir='ltr' id='par_1_3' title="bbox 384 1466 1499 2055">
     <span class='ocr_line' id='line_1_8' title="bbox 488 1466 1499 1539; baseline 0.004 -16"><span class='ocrx_word' id='word_1_56' title='bbox 488 1466 523 1523; x_wconf 76' lang='grc' dir='ltr'><strong>Α.</strong></span> <span class='ocrx_word' id='word_1_57' title='bbox 546 1468 567 1538; x_wconf 89' lang='lat'><em>1,</em></span> <span class='ocrx_word' id='word_1_58' title='bbox 591 1467 640 1523; x_wconf 76' lang='lat'><em>28.</em></span> <span class='ocrx_word' id='word_1_59' title='bbox 663 1468 727 1523; x_wconf 90' lang='lat' dir='ltr'><em>eod.</em></span> <span class='ocrx_word' id='word_1_60' title='bbox 749 1468 782 1525; x_wconf 69' lang='lat' dir='ltr'><em>U,</em></span> <span class='ocrx_word' id='word_1_61' title='bbox 803 1469 918 1525; x_wconf 78' lang='lat' dir='ltr'><em>exhibet</em></span> <span class='ocrx_word' id='word_1_62' title='bbox 945 1476 974 1527; x_wconf 86' lang='lat' dir='ltr'><em>et</em></span> <span class='ocrx_word' id='word_1_63' title='bbox 1000 1468 1102 1528; x_wconf 34' lang='lat' dir='ltr'><em>naas*</em></span> <span class='ocrx_word' id='word_1_64' title='bbox 1120 1466 1200 1525; x_wconf 70' lang='lat' dir='ltr'><em>toras</em></span> <span class='ocrx_word' id='word_1_65' title='bbox 1222 1466 1342 1526; x_wconf 74' lang='lat' dir='ltr'><em>ortibus</em></span> <span class='ocrx_word' id='word_1_66' title='bbox 1359 1470 1441 1539; x_wconf 73' lang='lat' dir='ltr'><em>asoti</em></span> <span class='ocrx_word' id='word_1_67' title='bbox 1458 1469 1499 1527; x_wconf 77' lang='lat' dir='ltr'><em>,in</em></span> 
     </span>
     <span class='ocr_line' id='line_1_9' title="bbox 386 1569 1496 1643; baseline 0.005 -19"><span class='ocrx_word' id='word_1_68' title='bbox 386 1569 503 1640; x_wconf 63' lang='lat' dir='ltr'><em>octoas:</em></span> <span class='ocrx_word' id='word_1_69' title='bbox 525 1570 564 1625; x_wconf 85' lang='lat' dir='ltr'><em>ia</em></span> <span class='ocrx_word' id='word_1_70' title='bbox 583 1571 688 1641; x_wconf 64' lang='grc' dir='ltr'><strong>αίφίίίία</strong></span> <span class='ocrx_word' id='word_1_71' title='bbox 710 1608 716 1625; x_wconf 89' lang='grc'><strong>.</strong></span> <span class='ocrx_word' id='word_1_72' title='bbox 741 1611 747 1624; x_wconf 91' lang='grc'><strong>.</strong></span> <span class='ocrx_word' id='word_1_73' title='bbox 769 1610 776 1625; x_wconf 89' lang='grc'><strong>.</strong></span> <span class='ocrx_word' id='word_1_74' title='bbox 799 1612 806 1625; x_wconf 92' lang='grc'><strong>.</strong></span> <span class='ocrx_word' id='word_1_75' title='bbox 827 1585 861 1626; x_wconf 83' lang='grc' dir='ltr'><em>αα</em></span> <span class='ocrx_word' id='word_1_76' title='bbox 880 1572 1010 1627; x_wconf 74' lang='lat' dir='ltr'><em>insuunt</em></span> <span class='ocrx_word' id='word_1_77' title='bbox 1030 1571 1240 1643; x_wconf 60' lang='lat' dir='ltr'><em>proiioiaiis&#39;is</em></span> <span class='ocrx_word' id='word_1_78' title='bbox 1261 1610 1267 1627; x_wconf 90' lang='lat'><em>.</em></span> <span class='ocrx_word' id='word_1_79' title='bbox 1291 1612 1298 1627; x_wconf 94' lang='lat'><em>.</em></span> <span class='ocrx_word' id='word_1_80' title='bbox 1322 1610 1329 1627; x_wconf 93' lang='lat'><em>.</em></span> <span class='ocrx_word' id='word_1_81' title='bbox 1354 1612 1362 1627; x_wconf 91' lang='lat'><strong>.</strong></span> <span class='ocrx_word' id='word_1_82' title='bbox 1386 1588 1419 1630; x_wconf 81' lang='lat' dir='ltr'><em>ss</em></span> <span class='ocrx_word' id='word_1_83' title='bbox 1442 1573 1496 1629; x_wconf 79' lang='lat' dir='ltr'><em>ia·-</em></span> 
     </span>
     <span class='ocr_line' id='line_1_10' title="bbox 388 1670 1497 1743; baseline 0.006 -17"><span class='ocrx_word' id='word_1_84' title='bbox 388 1678 496 1727; x_wconf 80' lang='lat' dir='ltr'><em>scrsmt.</em></span> <span class='ocrx_word' id='word_1_85' title='bbox 540 1670 571 1728; x_wconf 80' lang='lat' dir='ltr'><em>c.</em></span> <span class='ocrx_word' id='word_1_86' title='bbox 595 1671 644 1727; x_wconf 77' lang='grc'><strong>51.</strong></span> <span class='ocrx_word' id='word_1_87' title='bbox 668 1673 790 1729; x_wconf 85' lang='lat' dir='ltr'><em>-Tatios</em></span> <span class='ocrx_word' id='word_1_88' title='bbox 811 1688 862 1743; x_wconf 79' lang='lat' dir='ltr'><em>pso</em></span> <span class='ocrx_word' id='word_1_89' title='bbox 889 1674 975 1729; x_wconf 79' lang='lat' dir='ltr'><em>Titios</em></span> <span class='ocrx_word' id='word_1_90' title='bbox 997 1674 1032 1731; x_wconf 92' lang='lat' dir='ltr'><em>ob</em></span> <span class='ocrx_word' id='word_1_91' title='bbox 1048 1674 1214 1731; x_wconf 74' lang='lat' dir='ltr'><em>antecedens</em></span> <span class='ocrx_word' id='word_1_92' title='bbox 1234 1682 1345 1731; x_wconf 78' lang='lat' dir='ltr'><em>nomen·</em></span> <span class='ocrx_word' id='word_1_93' title='bbox 1361 1674 1497 1733; x_wconf 75' lang='lat' dir='ltr'><em>Tatiae.</em></span> 
     </span>
     <span class='ocr_line' id='line_1_11' title="bbox 385 1772 1497 1847; baseline 0.004 -18"><span class='ocrx_word' id='word_1_94' title='bbox 385 1772 423 1829; x_wconf 78' lang='lat' dir='ltr'><em>A.</em></span> <span class='ocrx_word' id='word_1_95' title='bbox 445 1772 480 1843; x_wconf 87' lang='lat'><em>11,</em></span> <span class='ocrx_word' id='word_1_96' title='bbox 504 1772 530 1828; x_wconf 89' lang='lat'><em>2.</em></span> <span class='ocrx_word' id='word_1_97' title='bbox 552 1773 762 1844; x_wconf 69' lang='lat' dir='ltr'><em>maJ&#39;oriiaa</em></span> <span class='ocrx_word' id='word_1_98' title='bbox 783 1790 834 1846; x_wconf 83' lang='lat' dir='ltr'><em>pro</em></span> <span class='ocrx_word' id='word_1_99' title='bbox 861 1775 986 1833; x_wconf 78' lang='lat' dir='ltr'><em>maridas</em></span> <span class='ocrx_word' id='word_1_100' title='bbox 1008 1776 1044 1833; x_wconf 86' lang='lat' dir='ltr'><em>ob</em></span> <span class='ocrx_word' id='word_1_101' title='bbox 1065 1776 1190 1833; x_wconf 61' lang='lat' dir='ltr'><em>maced.</em></span> <span class='ocrx_word' id='word_1_102' title='bbox 1213 1790 1274 1833; x_wconf 85' lang='lat' dir='ltr'><em>voc.</em></span> <span class='ocrx_word' id='word_1_103' title='bbox 1297 1776 1497 1847; x_wconf 65' lang='lat' dir='ltr'><em>maiorum.</em></span> 
     </span>
     <span class='ocr_line' id='line_1_12' title="bbox 386 1874 1497 1950; baseline 0.005 -20"><span class='ocrx_word' id='word_1_104' title='bbox 386 1874 420 1930; x_wconf 82' lang='grc' dir='ltr'><strong>Α.</strong></span> <span class='ocrx_word' id='word_1_105' title='bbox 443 1875 498 1945; x_wconf 89' lang='lat' dir='ltr'><em>iii,</em></span> <span class='ocrx_word' id='word_1_106' title='bbox 523 1877 549 1932; x_wconf 90' lang='grc'><strong>5.</strong></span> <span class='ocrx_word' id='word_1_107' title='bbox 572 1884 638 1933; x_wconf 83' lang='lat' dir='ltr'><em>aut</em></span> <span class='ocrx_word' id='word_1_108' title='bbox 658 1876 827 1933; x_wconf 76' lang='lat' dir='ltr'><em>,Germanico</em></span> <span class='ocrx_word' id='word_1_109' title='bbox 849 1888 901 1948; x_wconf 75' lang='lat' dir='ltr'><em>pro</em></span> <span class='ocrx_word' id='word_1_110' title='bbox 928 1886 961 1935; x_wconf 88' lang='lat' dir='ltr'><em>at</em></span> <span class='ocrx_word' id='word_1_111' title='bbox 983 1879 1151 1935; x_wconf 78' lang='lat' dir='ltr'><em>Gemonios</em></span> <span class='ocrx_word' id='word_1_112' title='bbox 1179 1878 1207 1935; x_wconf 89' lang='lat' dir='ltr'><em>in</em></span> <span class='ocrx_word' id='word_1_113' title='bbox 1234 1878 1297 1935; x_wconf 78' lang='lat' dir='ltr'><em>cod</em></span> <span class='ocrx_word' id='word_1_114' title='bbox 1319 1879 1358 1937; x_wconf 80' lang='lat' dir='ltr'><em>nt</em></span> <span class='ocrx_word' id='word_1_115' title='bbox 1382 1878 1497 1950; x_wconf 73' lang='lat' dir='ltr'><em>iegitur,</em></span> 
     </span>
     <span class='ocr_line' id='line_1_13' title="bbox 384 1977 1495 2055; baseline 0.006 -23"><span class='ocrx_word' id='word_1_116' title='bbox 384 1977 513 2047; x_wconf 83' lang='lat' dir='ltr'><em>quoniam</em></span> <span class='ocrx_word' id='word_1_117' title='bbox 533 1980 698 2037; x_wconf 86' lang='lat' dir='ltr'><em>antecedunt</em></span> <span class='ocrx_word' id='word_1_118' title='bbox 709 1980 793 2037; x_wconf 76' lang='lat' dir='ltr'><em>verba</em></span> <span class='ocrx_word' id='word_1_119' title='bbox 814 1988 881 2037; x_wconf 79' lang='lat' dir='ltr'><em>aut</em></span> <span class='ocrx_word' id='word_1_120' title='bbox 904 1988 978 2054; x_wconf 77' lang='lat' dir='ltr'><em>qaae</em></span> <span class='ocrx_word' id='word_1_121' title='bbox 997 1982 1105 2055; x_wconf 65' lang='lat' dir='ltr'><em>pasuri</em></span> <span class='ocrx_word' id='word_1_122' title='bbox 1125 1983 1300 2052; x_wconf 55' lang='lat' dir='ltr'><em>nocuerint,</em></span> <span class='ocrx_word' id='word_1_123' title='bbox 1330 1984 1495 2039; x_wconf 59' lang='lat' dir='ltr'><em>wandato-</em></span> 
     </span>
    </p>
   </div>
   <div class='ocr_carea' id='block_1_3' title="bbox 389 2162 643 2173">
    <p class='ocr_par' dir='ltr' id='par_1_4' title="bbox 389 2162 643 2173">
     <span class='ocr_line' id='line_1_14' title="bbox 389 2162 643 2173; baseline 0.008 -3"><span class='ocrx_word' id='word_1_124' title='bbox 389 2162 643 2173; x_wconf 73' lang='lat'><strong>——-—----—-.</strong></span> 
     </span>
    </p>
   </div>
   <div class='ocr_carea' id='block_1_4' title="bbox 388 2308 1491 4524">
    <p class='ocr_par' dir='ltr' id='par_1_5' title="bbox 400 2308 1491 3065">
     <span class='ocr_line' id='line_1_15' title="bbox 400 2308 1491 2380; baseline -0.002 -15"><span class='ocrx_word' id='word_1_125' title='bbox 400 2308 449 2376; x_wconf 81' lang='grc'><em>21)</em></span> <span class='ocrx_word' id='word_1_126' title='bbox 469 2312 513 2366; x_wconf 88' lang='lat' dir='ltr'><em>Sie</em></span> <span class='ocrx_word' id='word_1_127' title='bbox 526 2312 637 2367; x_wconf 80' lang='lat' dir='ltr'><em>Martini.</em></span> <span class='ocrx_word' id='word_1_128' title='bbox 653 2313 714 2378; x_wconf 81' lang='lat' dir='ltr'><em>xit,</em></span> <span class='ocrx_word' id='word_1_129' title='bbox 734 2311 781 2378; x_wconf 79' lang='grc'><em>11,</em></span> <span class='ocrx_word' id='word_1_130' title='bbox 801 2311 843 2367; x_wconf 87' lang='grc'><strong>10.</strong></span> <span class='ocrx_word' id='word_1_131' title='bbox 867 2314 895 2365; x_wconf 91' lang='lat' dir='ltr'><em>in</em></span> <span class='ocrx_word' id='word_1_132' title='bbox 909 2320 1008 2380; x_wconf 86' lang='lat' dir='ltr'><em>optimo</em></span> <span class='ocrx_word' id='word_1_133' title='bbox 1028 2312 1088 2368; x_wconf 85' lang='lat' dir='ltr'><em>eod.</em></span> <span class='ocrx_word' id='word_1_134' title='bbox 1106 2312 1225 2363; x_wconf 77' lang='lat' dir='ltr'><strong>Parisino</strong></span> <span class='ocrx_word' id='word_1_135' title='bbox 1245 2327 1259 2363; x_wconf 87' lang='lat' dir='ltr'><em>a</em></span> <span class='ocrx_word' id='word_1_136' title='bbox 1277 2311 1491 2366; x_wconf 80' lang='lat' dir='ltr'><em>Schneidewino</em></span> 
     </span>
     <span class='ocr_line' id='line_1_16' title="bbox 470 2396 1491 2467; baseline 0.003 -18"><span class='ocrx_word' id='word_1_137' title='bbox 470 2397 548 2449; x_wconf 84' lang='lat' dir='ltr'><em>litera</em></span> <span class='ocrx_word' id='word_1_138' title='bbox 565 2398 593 2453; x_wconf 89' lang='grc' dir='ltr'><em>Τ.</em></span> <span class='ocrx_word' id='word_1_139' title='bbox 610 2401 716 2467; x_wconf 77' lang='lat' dir='ltr'><em>signato</em></span> <span class='ocrx_word' id='word_1_140' title='bbox 734 2403 864 2449; x_wconf 70' lang='lat' dir='ltr'><em>tutator</em></span> <span class='ocrx_word' id='word_1_141' title='bbox 879 2416 929 2465; x_wconf 83' lang='lat' dir='ltr'><em>pro</em></span> <span class='ocrx_word' id='word_1_142' title='bbox 953 2402 1032 2449; x_wconf 64' lang='lat' dir='ltr'><em>tuear</em></span> <span class='ocrx_word' id='word_1_143' title='bbox 1049 2401 1173 2465; x_wconf 71' lang='lat' dir='ltr'><em>senatun</em></span> <span class='ocrx_word' id='word_1_144' title='bbox 1198 2407 1254 2461; x_wconf 82' lang='lat' dir='ltr'><em>est,</em></span> <span class='ocrx_word' id='word_1_145' title='bbox 1273 2400 1400 2466; x_wconf 83' lang='lat' dir='ltr'><em>quoniam</em></span> <span class='ocrx_word' id='word_1_146' title='bbox 1417 2415 1446 2453; x_wconf 83' lang='lat' dir='ltr'><em>v.</em></span> <span class='ocrx_word' id='word_1_147' title='bbox 1462 2396 1491 2452; x_wconf 76' lang='lat' dir='ltr'><em>n.</em></span> 
     </span>
     <span class='ocr_line' id='line_1_17' title="bbox 467 2482 1489 2552; baseline 0.001 -18"><span class='ocrx_word' id='word_1_148' title='bbox 467 2499 564 2535; x_wconf 85' lang='lat' dir='ltr'><em>nomen</em></span> <span class='ocrx_word' id='word_1_149' title='bbox 579 2485 696 2535; x_wconf 81' lang='lat' dir='ltr'><em>Tuscis</em></span> <span class='ocrx_word' id='word_1_150' title='bbox 712 2487 831 2550; x_wconf 74' lang='lat' dir='ltr'><em>proxime</em></span> <span class='ocrx_word' id='word_1_151' title='bbox 843 2485 985 2539; x_wconf 83' lang='lat' dir='ltr'><em>antecedit.</em></span> <span class='ocrx_word' id='word_1_152' title='bbox 1021 2484 1104 2537; x_wconf 85' lang='lat' dir='ltr'><em>Porro</em></span> <span class='ocrx_word' id='word_1_153' title='bbox 1116 2485 1204 2552; x_wconf 72' lang='lat' dir='ltr'><em>Epigr.</em></span> <span class='ocrx_word' id='word_1_154' title='bbox 1224 2484 1256 2548; x_wconf 87' lang='grc' dir='ltr'><em>ΙΙ,</em></span> <span class='ocrx_word' id='word_1_155' title='bbox 1275 2485 1301 2548; x_wconf 85' lang='grc'><em>7,</em></span> <span class='ocrx_word' id='word_1_156' title='bbox 1320 2482 1345 2537; x_wconf 82' lang='lat'><em>2.</em></span> <span class='ocrx_word' id='word_1_157' title='bbox 1364 2484 1489 2538; x_wconf 85' lang='lat' dir='ltr'><em>librarius</em></span> 
     </span>
     <span class='ocr_line' id='line_1_18' title="bbox 468 2569 1488 2637; baseline 0 -16"><span class='ocrx_word' id='word_1_158' title='bbox 468 2569 528 2621; x_wconf 80' lang='lat' dir='ltr'><em>eod.</em></span> <span class='ocrx_word' id='word_1_159' title='bbox 547 2570 623 2623; x_wconf 85' lang='lat' dir='ltr'><em>Voss.</em></span> <span class='ocrx_word' id='word_1_160' title='bbox 647 2570 677 2627; x_wconf 80' lang='lat' dir='ltr'><em>fl.</em></span> <span class='ocrx_word' id='word_1_161' title='bbox 695 2572 800 2637; x_wconf 85' lang='lat' dir='ltr'><em>scripsit</em></span> <span class='ocrx_word' id='word_1_162' title='bbox 817 2571 945 2621; x_wconf 77' lang='lat' dir='ltr'><em>Historias</em></span> <span class='ocrx_word' id='word_1_163' title='bbox 958 2571 1052 2634; x_wconf 73' lang='lat' dir='ltr'><em>tettae,</em></span> <span class='ocrx_word' id='word_1_164' title='bbox 1072 2573 1190 2621; x_wconf 74' lang='lat' dir='ltr'><em>carmirm</em></span> <span class='ocrx_word' id='word_1_165' title='bbox 1208 2570 1292 2624; x_wconf 83' lang='lat' dir='ltr'><em>belle</em></span> <span class='ocrx_word' id='word_1_166' title='bbox 1308 2572 1395 2635; x_wconf 81' lang='lat' dir='ltr'><em>facis,</em></span> <span class='ocrx_word' id='word_1_167' title='bbox 1426 2571 1488 2637; x_wconf 84' lang='lat' dir='ltr'><em>quia</em></span> 
     </span>
     <span class='ocr_line' id='line_1_19' title="bbox 466 2653 1487 2723; baseline 0.001 -19"><span class='ocrx_word' id='word_1_168' title='bbox 466 2655 583 2705; x_wconf 83' lang='lat' dir='ltr'><em>inversu</em></span> <span class='ocrx_word' id='word_1_169' title='bbox 595 2657 679 2723; x_wconf 85' lang='lat' dir='ltr'><em>primo</em></span> <span class='ocrx_word' id='word_1_170' title='bbox 698 2656 826 2707; x_wconf 81' lang='lat' dir='ltr'><em>declamas</em></span> <span class='ocrx_word' id='word_1_171' title='bbox 844 2656 910 2707; x_wconf 80' lang='lat' dir='ltr'><em>icil</em></span> <span class='ocrx_word' id='word_1_172' title='bbox 917 2675 944 2719; x_wconf 88' lang='grc' dir='ltr'><em>α,</em></span> <span class='ocrx_word' id='word_1_173' title='bbox 963 2659 1139 2723; x_wconf 66' lang='lat' dir='ltr'><em>consumans,</em></span> <span class='ocrx_word' id='word_1_174' title='bbox 1157 2655 1254 2719; x_wconf 85' lang='lat' dir='ltr'><em>Attice,</em></span> <span class='ocrx_word' id='word_1_175' title='bbox 1274 2654 1355 2706; x_wconf 82' lang='lat' dir='ltr'><em>belle</em></span> <span class='ocrx_word' id='word_1_176' title='bbox 1373 2653 1487 2723; x_wconf 86' lang='lat' dir='ltr'><em>legerat.</em></span> 
     </span>
     <span class='ocr_line' id='line_1_20' title="bbox 460 2738 1487 2811; baseline 0.002 -20"><span class='ocrx_word' id='word_1_177' title='bbox 460 2739 494 2792; x_wconf 81' lang='lat' dir='ltr'><em>&#39;in</em></span> <span class='ocrx_word' id='word_1_178' title='bbox 513 2741 586 2795; x_wconf 81' lang='lat' dir='ltr'><em>iiart.</em></span> <span class='ocrx_word' id='word_1_179' title='bbox 603 2741 693 2811; x_wconf 80' lang='lat' dir='ltr'><em>Epigr.</em></span> <span class='ocrx_word' id='word_1_180' title='bbox 712 2742 745 2793; x_wconf 87' lang='lat' dir='ltr'><em>de</em></span> <span class='ocrx_word' id='word_1_181' title='bbox 768 2741 931 2810; x_wconf 79' lang='lat' dir='ltr'><em>Spectaculis</em></span> <span class='ocrx_word' id='word_1_182' title='bbox 958 2738 1006 2807; x_wconf 78' lang='lat'><em>23,</em></span> <span class='ocrx_word' id='word_1_183' title='bbox 1024 2738 1049 2794; x_wconf 81' lang='grc'><strong>1.</strong></span> <span class='ocrx_word' id='word_1_184' title='bbox 1074 2748 1185 2809; x_wconf 85' lang='lat' dir='ltr'><em>optimus</em></span> <span class='ocrx_word' id='word_1_185' title='bbox 1211 2740 1269 2793; x_wconf 91' lang='lat' dir='ltr'><em>cod.</em></span> <span class='ocrx_word' id='word_1_186' title='bbox 1288 2738 1371 2794; x_wconf 85' lang='lat' dir='ltr'><em>Paris.</em></span> <span class='ocrx_word' id='word_1_187' title='bbox 1389 2740 1419 2796; x_wconf 86' lang='lat' dir='ltr'><em>i&#39;.</em></span> <span class='ocrx_word' id='word_1_188' title='bbox 1439 2755 1487 2793; x_wconf 82' lang='lat' dir='ltr'><em>ex-</em></span> 
     </span>
     <span class='ocr_line' id='line_1_21' title="bbox 464 2825 1490 2897; baseline 0.001 -21"><span class='ocrx_word' id='word_1_189' title='bbox 464 2825 539 2877; x_wconf 83' lang='lat' dir='ltr'><em>nibet</em></span> <span class='ocrx_word' id='word_1_190' title='bbox 564 2827 621 2878; x_wconf 77' lang='lat' dir='ltr'><em>itte</em></span> <span class='ocrx_word' id='word_1_191' title='bbox 638 2829 715 2879; x_wconf 82' lang='lat' dir='ltr'><em>cessit</em></span> <span class='ocrx_word' id='word_1_192' title='bbox 731 2843 778 2895; x_wconf 82' lang='lat' dir='ltr'><em>pro</em></span> <span class='ocrx_word' id='word_1_193' title='bbox 802 2829 842 2879; x_wconf 73' lang='lat' dir='ltr'><em>itti</em></span> <span class='ocrx_word' id='word_1_194' title='bbox 865 2830 954 2892; x_wconf 82' lang='lat' dir='ltr'><em>cessit,</em></span> <span class='ocrx_word' id='word_1_195' title='bbox 992 2830 1114 2897; x_wconf 83' lang='lat' dir='ltr'><em>quoniam</em></span> <span class='ocrx_word' id='word_1_196' title='bbox 1138 2829 1313 2880; x_wconf 75' lang='lat' dir='ltr'><em>nominativus</em></span> <span class='ocrx_word' id='word_1_197' title='bbox 1340 2829 1400 2878; x_wconf 85' lang='lat' dir='ltr'><em>ilie</em></span> <span class='ocrx_word' id='word_1_198' title='bbox 1428 2827 1490 2878; x_wconf 66' lang='lat' dir='ltr'><em>talu*</em></span> 
     </span>
     <span class='ocr_line' id='line_1_22' title="bbox 467 2909 1487 2981; baseline 0.002 -19"><span class='ocrx_word' id='word_1_199' title='bbox 467 2927 495 2965; x_wconf 76' lang='lat' dir='ltr'><em>a.</em></span> <span class='ocrx_word' id='word_1_200' title='bbox 512 2909 539 2966; x_wconf 79' lang='lat'><em>³.</em></span> <span class='ocrx_word' id='word_1_201' title='bbox 555 2913 701 2978; x_wconf 78' lang='lat' dir='ltr'><em>praeeedit,</em></span> <span class='ocrx_word' id='word_1_202' title='bbox 735 2913 765 2965; x_wconf 88' lang='lat' dir='ltr'><em>in</em></span> <span class='ocrx_word' id='word_1_203' title='bbox 782 2915 869 2966; x_wconf 80' lang='lat' dir='ltr'><em>simiis</em></span> <span class='ocrx_word' id='word_1_204' title='bbox 884 2916 978 2966; x_wconf 76' lang='lat' dir='ltr'><em>vitium</em></span> <span class='ocrx_word' id='word_1_205' title='bbox 998 2915 1122 2981; x_wconf 77' lang='lat' dir='ltr'><em>delapsus</em></span> <span class='ocrx_word' id='word_1_206' title='bbox 1140 2915 1305 2966; x_wconf 79' lang='lat' dir='ltr'><em>doctissimus</em></span> <span class='ocrx_word' id='word_1_207' title='bbox 1318 2912 1487 2964; x_wconf 72' lang='lat' dir='ltr'><em>Burmannus</em></span> 
     </span>
     <span class='ocr_line' id='line_1_23' title="bbox 469 2996 1485 3065; baseline -0.001 -15"><span class='ocrx_word' id='word_1_208' title='bbox 469 2996 503 3050; x_wconf 79' lang='lat' dir='ltr'><em>ud</em></span> <span class='ocrx_word' id='word_1_209' title='bbox 520 2997 593 3050; x_wconf 79' lang='lat' dir='ltr'><em>iiart.</em></span> <span class='ocrx_word' id='word_1_210' title='bbox 605 2998 749 3065; x_wconf 75' lang='lat' dir='ltr'><em>Suppositt.</em></span> <span class='ocrx_word' id='word_1_211' title='bbox 769 2996 799 3065; x_wconf 91' lang='lat'><em>1,</em></span> <span class='ocrx_word' id='word_1_212' title='bbox 815 2999 843 3052; x_wconf 79' lang='lat'><em>6.</em></span> <span class='ocrx_word' id='word_1_213' title='bbox 861 3016 877 3051; x_wconf 93' lang='lat' dir='ltr'><em>e</em></span> <span class='ocrx_word' id='word_1_214' title='bbox 896 2999 1143 3052; x_wconf 58' lang='lat' dir='ltr'><em>constansiensis</em></span> <span class='ocrx_word' id='word_1_215' title='bbox 1157 3002 1249 3064; x_wconf 75' lang='lat' dir='ltr'><em>[enare</em></span> <span class='ocrx_word' id='word_1_216' title='bbox 1266 2997 1373 3051; x_wconf 80' lang='lat' dir='ltr'><em>libane</em></span> <span class='ocrx_word' id='word_1_217' title='bbox 1397 2998 1485 3062; x_wconf 82' lang='lat' dir='ltr'><em>affert,</em></span> 
     </span>
    </p>

    <p class='ocr_par' dir='ltr' id='par_1_6' title="bbox 388 3082 1485 3240">
     <span class='ocr_line' id='line_1_24' title="bbox 388 3082 1485 3156; baseline -0.001 -24"><span class='ocrx_word' id='word_1_218' title='bbox 388 3131 392 3139; x_wconf 84' lang='grc'>,</span> <span class='ocrx_word' id='word_1_219' title='bbox 470 3098 549 3150; x_wconf 87' lang='lat' dir='ltr'><em>quum</em></span> <span class='ocrx_word' id='word_1_220' title='bbox 568 3083 662 3136; x_wconf 87' lang='lat' dir='ltr'><em>eodem</em></span> <span class='ocrx_word' id='word_1_221' title='bbox 676 3100 755 3138; x_wconf 84' lang='lat' dir='ltr'><em>versu</em></span> <span class='ocrx_word' id='word_1_222' title='bbox 773 3088 868 3156; x_wconf 62' lang='lat' dir='ltr'><em>stringo</em></span> <span class='ocrx_word' id='word_1_223' title='bbox 887 3086 992 3138; x_wconf 81' lang='lat' dir='ltr'><em>libens</em></span> <span class='ocrx_word' id='word_1_224' title='bbox 1011 3086 1123 3154; x_wconf 83' lang='lat' dir='ltr'><em>legatur.¹</em></span> <span class='ocrx_word' id='word_1_225' title='bbox 1148 3083 1252 3136; x_wconf 84' lang='lat' dir='ltr'><em>-Docuit</em></span> <span class='ocrx_word' id='word_1_226' title='bbox 1265 3089 1350 3134; x_wconf 79' lang='lat' dir='ltr'><em>autern</em></span> <span class='ocrx_word' id='word_1_227' title='bbox 1369 3082 1485 3132; x_wconf 90' lang='lat' dir='ltr'><em>Schnei-</em></span> 
     </span>
     <span class='ocr_line' id='line_1_25' title="bbox 466 3167 1482 3240; baseline -0.002 -22"><span class='ocrx_word' id='word_1_228' title='bbox 466 3167 587 3220; x_wconf 90' lang='lat' dir='ltr'><em>dewinus</em></span> <span class='ocrx_word' id='word_1_229' title='bbox 605 3169 642 3220; x_wconf 92' lang='lat' dir='ltr'><em>ibi</em></span> <span class='ocrx_word' id='word_1_230' title='bbox 663 3173 787 3237; x_wconf 86' lang='lat' dir='ltr'><em>scriptum</em></span> <span class='ocrx_word' id='word_1_231' title='bbox 803 3188 863 3223; x_wconf 83' lang='lat' dir='ltr'><em>esse</em></span> <span class='ocrx_word' id='word_1_232' title='bbox 885 3172 930 3228; x_wconf 79' lang='lat' dir='ltr'><em>lib:</em></span> <span class='ocrx_word' id='word_1_233' title='bbox 956 3173 974 3226; x_wconf 91' lang='lat' dir='ltr'><em>i.</em></span> <span class='ocrx_word' id='word_1_234' title='bbox 992 3188 1015 3224; x_wconf 86' lang='lat' dir='ltr'><em>e.</em></span> <span class='ocrx_word' id='word_1_235' title='bbox 1034 3169 1112 3240; x_wconf 79' lang='lat' dir='ltr'><em>liber,</em></span> <span class='ocrx_word' id='word_1_236' title='bbox 1130 3177 1183 3220; x_wconf 87' lang='lat' dir='ltr'><em>ute</em></span> <span class='ocrx_word' id='word_1_237' title='bbox 1202 3170 1297 3221; x_wconf 85' lang='lat' dir='ltr'><em>ceteris</em></span> <span class='ocrx_word' id='word_1_238' title='bbox 1316 3167 1389 3237; x_wconf 77' lang='lat' dir='ltr'><em>libris</em></span> <span class='ocrx_word' id='word_1_239' title='bbox 1408 3173 1482 3216; x_wconf 87' lang='lat' dir='ltr'><em>recte</em></span> 
     </span>
    </p>

    <p class='ocr_par' dir='ltr' id='par_1_7' title="bbox 402 3247 1483 4524">
     <span class='ocr_line' id='line_1_26' title="bbox 402 3247 1482 3327; baseline -0.002 -24"><span class='ocrx_word' id='word_1_240' title='bbox 402 3247 406 3254; x_wconf 77' lang='grc'><strong>’</strong></span> <span class='ocrx_word' id='word_1_241' title='bbox 466 3251 599 3321; x_wconf 80' lang='lat' dir='ltr'><em>vulgatur.</em></span> <span class='ocrx_word' id='word_1_242' title='bbox 634 3252 674 3312; x_wconf 79' lang='lat' dir='ltr'><em>Gi.</em></span> <span class='ocrx_word' id='word_1_243' title='bbox 686 3255 828 3308; x_wconf 87' lang='lat' dir='ltr'><em>editionem</em></span> <span class='ocrx_word' id='word_1_244' title='bbox 840 3255 1010 3309; x_wconf 88' lang='lat' dir='ltr'><em>Schneidew.</em></span> <span class='ocrx_word' id='word_1_245' title='bbox 1028 3253 1087 3308; x_wconf 86' lang='lat' dir='ltr'>v01.</span> <span class='ocrx_word' id='word_1_246' title='bbox 1104 3251 1134 3327; x_wconf 79' lang='lat' dir='ltr'><em>li.</em></span> <span class='ocrx_word' id='word_1_247' title='bbox 1152 3271 1178 3322; x_wconf 87' lang='lat' dir='ltr'><em>p.</em></span> <span class='ocrx_word' id='word_1_248' title='bbox 1192 3251 1251 3309; x_wconf 84' lang='grc'><strong>736.</strong></span> <span class='ocrx_word' id='word_1_249' title='bbox 1286 3251 1372 3304; x_wconf 86' lang='lat' dir='ltr'><em>Etiam</em></span> <span class='ocrx_word' id='word_1_250' title='bbox 1389 3251 1482 3319; x_wconf 86' lang='lat' dir='ltr'><em>Epigr.</em></span> 
     </span>
     <span class='ocr_line' id='line_1_27' title="bbox 466 3332 1483 3410; baseline -0.003 -21"><span class='ocrx_word' id='word_1_251' title='bbox 466 3332 517 3402; x_wconf 87' lang='grc'><em>111,</em></span> <span class='ocrx_word' id='word_1_252' title='bbox 533 3337 585 3404; x_wconf 84' lang='grc'><em>60,</em></span> <span class='ocrx_word' id='word_1_253' title='bbox 607 3341 633 3392; x_wconf 79' lang='lat' dir='ltr'><em>i.</em></span> <span class='ocrx_word' id='word_1_254' title='bbox 662 3342 689 3392; x_wconf 91' lang='lat' dir='ltr'><em>in</em></span> <span class='ocrx_word' id='word_1_255' title='bbox 717 3341 777 3394; x_wconf 88' lang='lat' dir='ltr'><em>eod.</em></span> <span class='ocrx_word' id='word_1_256' title='bbox 799 3340 919 3394; x_wconf 83' lang='lat' dir='ltr'><em>Palatino</em></span> <span class='ocrx_word' id='word_1_257' title='bbox 943 3336 1165 3410; x_wconf 79' lang='lat' dir='ltr'><em>sitisqus&#39;bonae</em></span> <span class='ocrx_word' id='word_1_258' title='bbox 1182 3349 1262 3393; x_wconf 84' lang='lat' dir='ltr'><em>notae</em></span> <span class='ocrx_word' id='word_1_259' title='bbox 1285 3339 1359 3390; x_wconf 82' lang='lat' dir='ltr'><em>libris</em></span> <span class='ocrx_word' id='word_1_260' title='bbox 1378 3337 1483 3405; x_wconf 62' lang='lat' dir='ltr'><em>*legitur</em></span> 
     </span>
     <span class='ocr_line' id='line_1_28' title="bbox 466 3420 1482 3496; baseline -0.002 -19"><span class='ocrx_word' id='word_1_261' title='bbox 466 3428 636 3493; x_wconf 68' lang='lat' dir='ltr'><em>sumiwrpro</em></span> <span class='ocrx_word' id='word_1_262' title='bbox 653 3430 756 3495; x_wconf 66' lang='lat' dir='ltr'><em>cuatuor</em></span> <span class='ocrx_word' id='word_1_263' title='bbox 778 3465 787 3493; x_wconf 88' lang='lat'>‚</span> <span class='ocrx_word' id='word_1_264' title='bbox 806 3430 868 3496; x_wconf 85' lang='lat' dir='ltr'><em>quia</em></span> <span class='ocrx_word' id='word_1_265' title='bbox 883 3443 912 3483; x_wconf 80' lang='lat' dir='ltr'><em>v.</em></span> <span class='ocrx_word' id='word_1_266' title='bbox 928 3425 956 3480; x_wconf 81' lang='lat'><em>3.</em></span> <span class='ocrx_word' id='word_1_267' title='bbox 975 3427 1210 3495; x_wconf 75' lang='lat' dir='ltr'><em>mnnspraonedit.</em></span> <span class='ocrx_word' id='word_1_268' title='bbox 1243 3425 1337 3492; x_wconf 68' lang='lat' dir='ltr'><em>Epigrs</em></span> <span class='ocrx_word' id='word_1_269' title='bbox 1351 3420 1436 3487; x_wconf 67' lang='lat'>1133,</span> <span class='ocrx_word' id='word_1_270' title='bbox 1458 3422 1482 3475; x_wconf 91' lang='grc'><strong>1.</strong></span> 
     </span>
     <span class='ocr_line' id='line_1_29' title="bbox 466 3508 1481 3578; baseline 0.001 -18"><span class='ocrx_word' id='word_1_271' title='bbox 466 3511 578 3576; x_wconf 87' lang='lat' dir='ltr'><em>optimus</em></span> <span class='ocrx_word' id='word_1_272' title='bbox 601 3513 687 3564; x_wconf 82' lang='lat' dir='ltr'><em>codex</em></span> <span class='ocrx_word' id='word_1_273' title='bbox 704 3513 848 3565; x_wconf 85' lang='lat' dir='ltr'><em>Vossianus</em></span> <span class='ocrx_word' id='word_1_274' title='bbox 871 3513 903 3568; x_wconf 85' lang='lat' dir='ltr'><em>R.</em></span> <span class='ocrx_word' id='word_1_275' title='bbox 922 3529 981 3564; x_wconf 88' lang='lat' dir='ltr'><em>cum</em></span> <span class='ocrx_word' id='word_1_276' title='bbox 999 3513 1076 3566; x_wconf 85' lang='lat' dir='ltr'><em>Voss.</em></span> <span class='ocrx_word' id='word_1_277' title='bbox 1099 3512 1180 3576; x_wconf 64' lang='grc' dir='ltr'><em>Μαι</em></span> <span class='ocrx_word' id='word_1_278' title='bbox 1196 3527 1237 3578; x_wconf 77' lang='lat' dir='ltr'><em>pr.</em></span> <span class='ocrx_word' id='word_1_279' title='bbox 1253 3508 1345 3574; x_wconf 85' lang='lat' dir='ltr'><em>manu)</em></span> <span class='ocrx_word' id='word_1_280' title='bbox 1360 3517 1390 3563; x_wconf 83' lang='lat' dir='ltr'><em>et</em></span> <span class='ocrx_word' id='word_1_281' title='bbox 1407 3508 1481 3561; x_wconf 81' lang='lat' dir='ltr'><em>flas-</em></span> 
     </span>
     <span class='ocr_line' id='line_1_30' title="bbox 466 3598 1480 3661; baseline -0.006 -14"><span class='ocrx_word' id='word_1_282' title='bbox 466 3611 602 3650; x_wconf 83' lang='lat' dir='ltr'><em>uovenuno</em></span> <span class='ocrx_word' id='word_1_283' title='bbox 620 3598 726 3650; x_wconf 82' lang='lat' dir='ltr'><em>exhibet</em></span> <span class='ocrx_word' id='word_1_284' title='bbox 747 3601 833 3660; x_wconf 73' lang='lat' dir='ltr'><em>Sexte,</em></span> <span class='ocrx_word' id='word_1_285' title='bbox 851 3601 924 3650; x_wconf 76' lang='lat' dir='ltr'><em>niti</em></span> <span class='ocrx_word' id='word_1_286' title='bbox 930 3599 939 3648; x_wconf 89' lang='lat' dir='ltr'><strong><em>l</em></strong></span> <span class='ocrx_word' id='word_1_287' title='bbox 957 3598 1043 3660; x_wconf 79' lang='lat' dir='ltr'><em>debes,</em></span> <span class='ocrx_word' id='word_1_288' title='bbox 1062 3599 1141 3648; x_wconf 71' lang='lat' dir='ltr'><em>nitati</em></span> <span class='ocrx_word' id='word_1_289' title='bbox 1159 3598 1241 3661; x_wconf 84' lang='lat' dir='ltr'><em>debes,</em></span> <span class='ocrx_word' id='word_1_290' title='bbox 1259 3598 1349 3660; x_wconf 71' lang='lat' dir='ltr'><em>Sexte,</em></span> <span class='ocrx_word' id='word_1_291' title='bbox 1366 3598 1480 3656; x_wconf 77' lang='lat' dir='ltr'><em>fatemur</em></span> 
     </span>
     <span class='ocr_line' id='line_1_31' title="bbox 464 3675 1479 3748; baseline -0.004 -15"><span class='ocrx_word' id='word_1_292' title='bbox 464 3698 513 3748; x_wconf 83' lang='lat' dir='ltr'><em>pro</em></span> <span class='ocrx_word' id='word_1_293' title='bbox 530 3685 621 3748; x_wconf 70' lang='lat' dir='ltr'><em>Sexte,</em></span> <span class='ocrx_word' id='word_1_294' title='bbox 646 3685 712 3735; x_wconf 81' lang='lat' dir='ltr'><em>nihil</em></span> <span class='ocrx_word' id='word_1_295' title='bbox 732 3684 817 3745; x_wconf 77' lang='lat' dir='ltr'><em>debes,</em></span> <span class='ocrx_word' id='word_1_296' title='bbox 835 3684 874 3733; x_wconf 82' lang='lat' dir='ltr'><em>nid</em></span> <span class='ocrx_word' id='word_1_297' title='bbox 891 3683 978 3746; x_wconf 81' lang='lat' dir='ltr'><em>debes,</em></span> <span class='ocrx_word' id='word_1_298' title='bbox 996 3684 1087 3745; x_wconf 70' lang='lat' dir='ltr'><em>Sexte,</em></span> <span class='ocrx_word' id='word_1_299' title='bbox 1109 3685 1231 3748; x_wconf 74' lang='lat' dir='ltr'><em>fatemur.</em></span> <span class='ocrx_word' id='word_1_300' title='bbox 1266 3679 1322 3736; x_wconf 80' lang='lat' dir='ltr'><em>cic.</em></span> <span class='ocrx_word' id='word_1_301' title='bbox 1347 3679 1417 3732; x_wconf 83' lang='lat' dir='ltr'><em>Orat.</em></span> <span class='ocrx_word' id='word_1_302' title='bbox 1435 3675 1479 3740; x_wconf 78' lang='grc'><em>46,</em></span> 
     </span>
     <span class='ocr_line' id='line_1_32' title="bbox 465 3767 1480 3835; baseline -0.004 -17"><span class='ocrx_word' id='word_1_303' title='bbox 465 3767 523 3823; x_wconf 84' lang='grc'><strong>155.</strong></span> <span class='ocrx_word' id='word_1_304' title='bbox 542 3768 627 3820; x_wconf 87' lang='lat' dir='ltr'><em>codex</em></span> <span class='ocrx_word' id='word_1_305' title='bbox 644 3768 750 3835; x_wconf 83' lang='lat' dir='ltr'><em>Erlang.</em></span> <span class='ocrx_word' id='word_1_306' title='bbox 768 3767 847 3818; x_wconf 84' lang='lat' dir='ltr'><em>habet</em></span> <span class='ocrx_word' id='word_1_307' title='bbox 865 3770 1004 3818; x_wconf 74' lang='lat' dir='ltr'><em>esitium</em></span> <span class='ocrx_word' id='word_1_308' title='bbox 1026 3770 1175 3835; x_wconf 82' lang='lat' dir='ltr'><em>interpretes</em></span> <span class='ocrx_word' id='word_1_309' title='bbox 1198 3783 1246 3834; x_wconf 88' lang='lat' dir='ltr'><em>pro</em></span> <span class='ocrx_word' id='word_1_310' title='bbox 1265 3767 1373 3834; x_wconf 83' lang='lat' dir='ltr'><em>vulgato</em></span> <span class='ocrx_word' id='word_1_311' title='bbox 1392 3771 1480 3816; x_wconf 78' lang='lat' dir='ltr'><em>eretum</em></span> 
     </span>
     <span class='ocr_line' id='line_1_33' title="bbox 463 3851 1477 3922; baseline -0.005 -17"><span class='ocrx_word' id='word_1_312' title='bbox 463 3856 628 3922; x_wconf 73' lang='lat' dir='ltr'><em>interpretes,</em></span> <span class='ocrx_word' id='word_1_313' title='bbox 648 3856 745 3921; x_wconf 72' lang='lat' dir='ltr'><em>quippe</em></span> <span class='ocrx_word' id='word_1_314' title='bbox 763 3868 841 3921; x_wconf 85' lang='lat' dir='ltr'><em>quum</em></span> <span class='ocrx_word' id='word_1_315' title='bbox 859 3856 1001 3904; x_wconf 71' lang='lat' dir='ltr'><em>esitium</em></span> <span class='ocrx_word' id='word_1_316' title='bbox 1019 3871 1126 3905; x_wconf 76' lang='lat' dir='ltr'><em>eramen</em></span> <span class='ocrx_word' id='word_1_317' title='bbox 1149 3853 1228 3920; x_wconf 83' lang='lat' dir='ltr'><em>paule</em></span> <span class='ocrx_word' id='word_1_318' title='bbox 1247 3859 1306 3903; x_wconf 88' lang='lat' dir='ltr'><em>ante</em></span> <span class='ocrx_word' id='word_1_319' title='bbox 1324 3851 1477 3919; x_wconf 83' lang='lat' dir='ltr'><em>praecedat.</em></span> 
     </span>
     <span class='ocr_line' id='line_1_34' title="bbox 464 3935 1478 4014; baseline -0.003 -24"><span class='ocrx_word' id='word_1_320' title='bbox 464 3938 532 3996; x_wconf 77' lang='lat' dir='ltr'><em>lbid.</em></span> <span class='ocrx_word' id='word_1_321' title='bbox 554 3937 603 4014; x_wconf 67' lang='grc'><em>43,</em></span> <span class='ocrx_word' id='word_1_322' title='bbox 629 3935 687 3994; x_wconf 89' lang='grc'><strong>151.</strong></span> <span class='ocrx_word' id='word_1_323' title='bbox 714 3943 742 3992; x_wconf 90' lang='lat' dir='ltr'><em>in</em></span> <span class='ocrx_word' id='word_1_324' title='bbox 766 3937 826 3994; x_wconf 80' lang='lat' dir='ltr'><em>stu.</em></span> <span class='ocrx_word' id='word_1_325' title='bbox 849 3939 917 3996; x_wconf 84' lang='lat' dir='ltr'><em>Ven.</em></span> <span class='ocrx_word' id='word_1_326' title='bbox 942 3935 965 3992; x_wconf 90' lang='lat'><em>1.</em></span> <span class='ocrx_word' id='word_1_327' title='bbox 983 3935 1009 3994; x_wconf 82' lang='lat'><em>2.</em></span> <span class='ocrx_word' id='word_1_328' title='bbox 1027 3938 1128 4005; x_wconf 81' lang='lat' dir='ltr'><em>Tulieh.</em></span> <span class='ocrx_word' id='word_1_329' title='bbox 1146 3939 1245 3996; x_wconf 82' lang='lat' dir='ltr'><em>vietur.</em></span> <span class='ocrx_word' id='word_1_330' title='bbox 1262 3939 1360 4005; x_wconf 63' lang='lat' dir='ltr'><em>Manen.</em></span> <span class='ocrx_word' id='word_1_331' title='bbox 1379 3938 1478 4014; x_wconf 76' lang='lat' dir='ltr'><em>iegitur</em></span> 
     </span>
     <span class='ocr_line' id='line_1_35' title="bbox 466 4025 1478 4094; baseline -0.002 -18"><span class='ocrx_word' id='word_1_332' title='bbox 466 4027 495 4076; x_wconf 80' lang='lat' dir='ltr'><em>io</em></span> <span class='ocrx_word' id='word_1_333' title='bbox 512 4043 561 4092; x_wconf 83' lang='lat' dir='ltr'><em>quo</em></span> <span class='ocrx_word' id='word_1_334' title='bbox 585 4026 711 4092; x_wconf 82' lang='lat' dir='ltr'><em>quidem</em></span> <span class='ocrx_word' id='word_1_335' title='bbox 729 4061 736 4077; x_wconf 90' lang='lat'><strong>.</strong></span> <span class='ocrx_word' id='word_1_336' title='bbox 753 4061 763 4078; x_wconf 89' lang='grc'><strong>.</strong></span> <span class='ocrx_word' id='word_1_337' title='bbox 779 4061 814 4079; x_wconf 86' lang='grc'><em>..</em></span> <span class='ocrx_word' id='word_1_338' title='bbox 836 4026 1025 4094; x_wconf 78' lang='lat' dir='ltr'><em>reprehendunt</em></span> <span class='ocrx_word' id='word_1_339' title='bbox 1045 4041 1094 4094; x_wconf 88' lang='lat' dir='ltr'><em>pro</em></span> <span class='ocrx_word' id='word_1_340' title='bbox 1122 4026 1229 4094; x_wconf 81' lang='lat' dir='ltr'><em>vulgata</em></span> <span class='ocrx_word' id='word_1_341' title='bbox 1246 4027 1274 4076; x_wconf 84' lang='lat' dir='ltr'><em>in</em></span> <span class='ocrx_word' id='word_1_342' title='bbox 1303 4043 1352 4093; x_wconf 80' lang='lat' dir='ltr'><em>quo</em></span> <span class='ocrx_word' id='word_1_343' title='bbox 1373 4025 1478 4092; x_wconf 81' lang='lat' dir='ltr'><em>quidam</em></span> 
     </span>
     <span class='ocr_line' id='line_1_36' title="bbox 465 4106 1477 4179; baseline -0.002 -17"><span class='ocrx_word' id='word_1_344' title='bbox 465 4117 531 4174; x_wconf 87' lang='lat' dir='ltr'><em>etc.;</em></span> <span class='ocrx_word' id='word_1_345' title='bbox 550 4112 647 4178; x_wconf 88' lang='lat' dir='ltr'><em>quippe</em></span> <span class='ocrx_word' id='word_1_346' title='bbox 658 4106 921 4176; x_wconf 83' lang='lat' dir='ltr'><em>proxime&#39;sntecedit</em></span> <span class='ocrx_word' id='word_1_347' title='bbox 939 4113 995 4178; x_wconf 85' lang='lat' dir='ltr'><em>qui</em></span> <span class='ocrx_word' id='word_1_348' title='bbox 1001 4111 1018 4162; x_wconf 92' lang='lat' dir='ltr'><em>d</em></span> <span class='ocrx_word' id='word_1_349' title='bbox 1023 4131 1066 4162; x_wconf 79' lang='lat' dir='ltr'><em>eur</em></span> <span class='ocrx_word' id='word_1_350' title='bbox 1077 4111 1220 4179; x_wconf 85' lang='lat' dir='ltr'><em>particula,</em></span> <span class='ocrx_word' id='word_1_351' title='bbox 1239 4127 1306 4179; x_wconf 85' lang='lat' dir='ltr'><em>quae</em></span> <span class='ocrx_word' id='word_1_352' title='bbox 1320 4111 1428 4162; x_wconf 87' lang='lat' dir='ltr'><em>alterum</em></span> <span class='ocrx_word' id='word_1_353' title='bbox 1442 4107 1477 4160; x_wconf 88' lang='lat' dir='ltr'><em>il-</em></span> 
     </span>
     <span class='ocr_line' id='line_1_37' title="bbox 463 4191 1476 4263; baseline -0.003 -16"><span class='ocrx_word' id='word_1_354' title='bbox 463 4196 510 4247; x_wconf 89' lang='lat' dir='ltr'><em>lud</em></span> <span class='ocrx_word' id='word_1_355' title='bbox 527 4197 628 4262; x_wconf 81' lang='lat' dir='ltr'><em>quidem</em></span> <span class='ocrx_word' id='word_1_356' title='bbox 644 4195 730 4247; x_wconf 83' lang='lat' dir='ltr'><em>traxit.</em></span> <span class='ocrx_word' id='word_1_357' title='bbox 755 4195 822 4249; x_wconf 83' lang='lat' dir='ltr'><em>ibid.</em></span> <span class='ocrx_word' id='word_1_358' title='bbox 833 4193 876 4260; x_wconf 78' lang='grc'><em>19,</em></span> <span class='ocrx_word' id='word_1_359' title='bbox 897 4191 954 4250; x_wconf 78' lang='lat' dir='ltr'><em>itii.</em></span> <span class='ocrx_word' id='word_1_360' title='bbox 966 4195 1043 4250; x_wconf 85' lang='lat' dir='ltr'><em>codd.</em></span> <span class='ocrx_word' id='word_1_361' title='bbox 1063 4206 1088 4249; x_wconf 91' lang='lat' dir='ltr'><em>et</em></span> <span class='ocrx_word' id='word_1_362' title='bbox 1101 4197 1161 4250; x_wconf 82' lang='lat' dir='ltr'><em>edd.</em></span> <span class='ocrx_word' id='word_1_363' title='bbox 1179 4197 1212 4248; x_wconf 91' lang='lat' dir='ltr'><em>ad</em></span> <span class='ocrx_word' id='word_1_364' title='bbox 1224 4195 1476 4263; x_wconf 86' lang='lat' dir='ltr'><em>Oreiiianamusque</em></span> 
     </span>
     <span class='ocr_line' id='line_1_38' title="bbox 463 4281 1482 4351; baseline -0.002 -19"><span class='ocrx_word' id='word_1_365' title='bbox 463 4297 512 4349; x_wconf 75' lang='lat' dir='ltr'><em>pro</em></span> <span class='ocrx_word' id='word_1_366' title='bbox 530 4281 684 4335; x_wconf 82' lang='lat' dir='ltr'><em>coniectura</em></span> <span class='ocrx_word' id='word_1_367' title='bbox 697 4281 812 4334; x_wconf 82' lang='lat' dir='ltr'><em>Ernestii</em></span> <span class='ocrx_word' id='word_1_368' title='bbox 824 4281 922 4334; x_wconf 77' lang='lat' dir='ltr'><em>Boiano</em></span> <span class='ocrx_word' id='word_1_369' title='bbox 941 4289 968 4334; x_wconf 86' lang='lat' dir='ltr'><em>et</em></span> <span class='ocrx_word' id='word_1_370' title='bbox 982 4282 1083 4336; x_wconf 87' lang='lat' dir='ltr'><em>Orellio</em></span> <span class='ocrx_word' id='word_1_371' title='bbox 1099 4283 1212 4350; x_wconf 68' lang='lat' dir='ltr'><em>psoius</em></span> <span class='ocrx_word' id='word_1_372' title='bbox 1228 4286 1335 4351; x_wconf 77' lang='lat' dir='ltr'><em>itemque</em></span> <span class='ocrx_word' id='word_1_373' title='bbox 1351 4281 1482 4338; x_wconf 78' lang='lat' dir='ltr'><em>exhibent</em></span> 
     </span>
     <span class='ocr_line' id='line_1_39' title="bbox 465 4368 1474 4438; baseline -0.003 -19"><span class='ocrx_word' id='word_1_374' title='bbox 465 4369 596 4436; x_wconf 80' lang='lat' dir='ltr'><em>idemque,</em></span> <span class='ocrx_word' id='word_1_375' title='bbox 615 4368 687 4438; x_wconf 86' lang='lat' dir='ltr'><em>quod</em></span> <span class='ocrx_word' id='word_1_376' title='bbox 703 4376 810 4436; x_wconf 86' lang='lat' dir='ltr'><em>praeter</em></span> <span class='ocrx_word' id='word_1_377' title='bbox 826 4377 983 4436; x_wconf 84' lang='lat' dir='ltr'><em>perpetuam</em></span> <span class='ocrx_word' id='word_1_378' title='bbox 1007 4371 1034 4420; x_wconf 90' lang='lat' dir='ltr'><em>in</em></span> <span class='ocrx_word' id='word_1_379' title='bbox 1051 4370 1123 4421; x_wconf 78' lang='lat' dir='ltr'><em>itatis</em></span> <span class='ocrx_word' id='word_1_380' title='bbox 1142 4369 1324 4422; x_wconf 76' lang='lat' dir='ltr'><em>confusionem</em></span> <span class='ocrx_word' id='word_1_381' title='bbox 1341 4369 1474 4420; x_wconf 87' lang='lat' dir='ltr'><em>literarum</em></span> 
     </span>
     <span class='ocr_line' id='line_1_40' title="bbox 464 4453 1474 4524; baseline -0.003 -19"><span class='ocrx_word' id='word_1_382' title='bbox 464 4455 482 4504; x_wconf 94' lang='lat' dir='ltr'><em>d</em></span> <span class='ocrx_word' id='word_1_383' title='bbox 498 4461 525 4506; x_wconf 89' lang='lat' dir='ltr'><em>et</em></span> <span class='ocrx_word' id='word_1_384' title='bbox 543 4462 553 4506; x_wconf 92' lang='lat' dir='ltr'><em>t</em></span> <span class='ocrx_word' id='word_1_385' title='bbox 569 4455 633 4506; x_wconf 90' lang='lat' dir='ltr'><em>inde</em></span> <span class='ocrx_word' id='word_1_386' title='bbox 650 4454 756 4507; x_wconf 84' lang='lat' dir='ltr'><em>videtur</em></span> <span class='ocrx_word' id='word_1_387' title='bbox 780 4455 910 4522; x_wconf 84' lang='lat' dir='ltr'><em>originem</em></span> <span class='ocrx_word' id='word_1_388' title='bbox 931 4457 1057 4521; x_wconf 85' lang='lat' dir='ltr'><em>traxisse,</em></span> <span class='ocrx_word' id='word_1_389' title='bbox 1076 4453 1148 4524; x_wconf 89' lang='lat' dir='ltr'><em>quod</em></span> <span class='ocrx_word' id='word_1_390' title='bbox 1170 4457 1198 4507; x_wconf 90' lang='lat' dir='ltr'><em>in</em></span> <span class='ocrx_word' id='word_1_391' title='bbox 1216 4454 1432 4507; x_wconf 80' lang='lat' dir='ltr'><em>antecedentibus</em></span> <span class='ocrx_word' id='word_1_392' title='bbox 1450 4459 1474 4502; x_wconf 90' lang='lat' dir='ltr'><em>et</em></span> 
     </span>
    </p>
   </div>
   <div class='ocr_carea' id='block_1_5' title="bbox 465 4536 1337 4610">
    <p class='ocr_par' dir='ltr' id='par_1_8' title="bbox 465 4536 1337 4610">
     <span class='ocr_line' id='line_1_41' title="bbox 465 4536 1337 4610; baseline 0.002 -20"><span class='ocrx_word' id='word_1_393' title='bbox 465 4536 533 4592; x_wconf 76' lang='lat' dir='ltr'><em>ideas</em></span> <span class='ocrx_word' id='word_1_394' title='bbox 549 4547 593 4592; x_wconf 76' lang='lat' dir='ltr'><em>aut</em></span> <span class='ocrx_word' id='word_1_395' title='bbox 610 4541 728 4609; x_wconf 62' lang='lat' dir='ltr'><em>ideaque</em></span> <span class='ocrx_word' id='word_1_396' title='bbox 741 4542 848 4608; x_wconf 75' lang='lat' dir='ltr'><em>saepius</em></span> <span class='ocrx_word' id='word_1_397' title='bbox 864 4541 962 4610; x_wconf 83' lang='lat' dir='ltr'><em>iegitur</em></span> <span class='ocrx_word' id='word_1_398' title='bbox 978 4557 1005 4596; x_wconf 82' lang='lat' dir='ltr'><em>v.</em></span> <span class='ocrx_word' id='word_1_399' title='bbox 1023 4559 1047 4595; x_wconf 90' lang='lat' dir='ltr'><em>c.</em></span> <span class='ocrx_word' id='word_1_400' title='bbox 1064 4539 1108 4603; x_wconf 70' lang='lat' dir='ltr'><em>§S-</em></span> <span class='ocrx_word' id='word_1_401' title='bbox 1126 4540 1184 4595; x_wconf 89' lang='grc'><strong>155.</strong></span> <span class='ocrx_word' id='word_1_402' title='bbox 1202 4539 1261 4596; x_wconf 90' lang='grc'><strong>156.</strong></span> <span class='ocrx_word' id='word_1_403' title='bbox 1280 4539 1337 4593; x_wconf 85' lang='grc'><strong>157.</strong></span> 
     </span>
    </p>
   </div>
   <div class='ocr_carea' id='block_1_6' title="bbox 0 0 1768 5500">
    <p class='ocr_par' dir='ltr' id='par_1_9' title="bbox 0 0 1768 5500">
     <span class='ocr_line' id='line_1_42' title="bbox 0 0 1768 5500; baseline 0 6"><span class='ocrx_word' id='word_1_404' title='bbox 0 0 1768 5500; x_wconf 95' lang='lat' dir='ltr'><em> </em></span> 
     </span>
    </p>
   </div>
  </div>
 </body>
</html>
