3525 5500
787 654 826 712 at

866 755 871 762 .

417 853 499 910 lianc
520 851 604 910 urbi
624 852 754 922 aicius
769 851 882 924 jurant.
893 849 1058 924 [acduqae
1073 865 1214 922 aarum,

439 956 477 1012 Et
498 957 568 1012 satis
590 962 649 1026 est,
667 955 750 1028 pipro
771 955 799 1011 si
819 954 887 1014 ticet
908 970 971 1013 assa
990 954 1071 1012 mibi.

267 1105 510 1119 m

351 1221 484 1284 Palatino,
503 1217 656 1272 Florentino
669 1217 828 1270 Beverlandi
847 1226 873 1270 et
892 1217 954 1271 edit.
965 1217 1127 1269 Ferrarienei
1146 1235 1170 1272 a.
1191 1217 1264 1273 titt.
1282 1219 1360 1272 loon-

348 1307 449 1359 tionem
467 1307 539 1357 urbis
555 1307 642 1357 vicino
659 1307 684 1356 iu
697 1313 793 1357 textum
807 1304 916 1370 recepit,
935 1311 1025 1371 utpote
1039 1300 1218 1370 praejudicata
1231 1305 1264 1356 de
1281 1303 1362 1357 boni-

311 1445 314 1452 ,
349 1401 404 1444 tata
423 1393 502 1446 codd.
520 1389 636 1444 Tbuanei
654 1399 681 1443 et
697 1391 809 1442 Palatini
827 1391 954 1456 opinione
972 1404 1007 1441 eo
1018 1389 1163 1446 inductus·
1183 1389 1276 1458 Neque
1293 1405 1360 1444 vero

289 1528 292 1539 ,
351 1478 445 1536 borum
463 1477 588 1542 librarian
606 1479 724 1546 quanvis
743 1478 900 1543 optimorum
918 1491 951 1529 ea
968 1483 1009 1529 est
1027 1477 1184 1540 auctoritas,
1201 1484 1230 1528 ut
1246 1491 1295 1530 eos
1312 1491 1363 1528 co·

351 1563 453 1616 dinibus
473 1563 554 1616 Taciti
573 1563 698 1618 Mediceis
716 1578 793 1630 pares
811 1577 912 1630 ponae,
935 1570 978 1612 aut
1006 1577 1096 1614 aarum
1113 1561 1243 1615 lectiones
1261 1562 1363 1616 oraculi

272 1671 274 1678 ·
350 1651 411 1700 vice
423 1651 547 1716 accipias.
575 1647 690 1716 Uterque
705 1649 773 1700 enirn
786 1647 867 1720 liber,
887 1649 1004 1714 quamvis
1016 1663 1091 1711 raro,
1110 1649 1268 1700 correctoris
1282 1656 1362 1716 atque

350 1733 546 1802 interpolatoris
559 1749 661 1783 uranum
676 1736 795 1799 expertus
816 1741 868 1796 est,
887 1749 937 1791 nec
956 1729 1049 1782 desunt
1065 1729 1135 1795 1οοί,
1153 1731 1287 1800 inquibus
1301 1731 1362 1784 libri

349 1816 531 1881 familiae·G‚a
559 1817 672 1868 familias
699 1817 778 1868 Aet
801 1815 836 1881 it,
862 1831 968 1885 quarum
992 1817 1061 1868 inter
1082 1823 1165 1869 testes
1191 1819 1232 1868 illi
1250 1809 1362 1870 cudda

321 1929 325 1938 ι
350 1903 559 1956 Schneidewino
578 1909 762 1966 numerantur,
778 1903 830 1962 lide
848 1910 982 1971 superent.
1017 1901 1097 1968 (laius
1113 1906 1155 1956 rei
1172 1904 1293 1971 exempla
1304 1919 1364 1956 non

350 1992 386 2044 ita
405 2005 506 2058 pauca,
531 2005 599 2057 quae
623 1989 657 2043 ad
674 2003 777 2052 nauum
793 1997 871 2053 aaut,
896 1989 947 2043 buc
964 1991 1059 2044 afferre
1082 1990 1190 2058 longum
1208 1998 1259 2045 est.
1292 1988 1366 2044 Couss

351 2077 479 2128 cesserim
489 2083 576 2126 tamen
594 2075 676 2127 libros
689 2073 803 2129 familiae
823 2073 868 2138 O,a
888 2079 1038 2144 saepius,
1057 2091 1134 2144 quam
1152 2075 1260 2128 codices
1278 2076 1365 2129 ibaa-

350 2179 430 2213 neum
445 2170 471 2214 et
482 2162 637 2226 Palatinum,
657 2177 671 2212 a
683 2163 793 2212 veritate
807 2169 886 2229 atque
899 2177 913 2212 a
924 2164 1051 2229 pristinae
1069 2162 1212 2227 scripturae
1223 2161 1365 2228 splendore
1442 2166 1445 2172 '

351 2247 384 2299 ad
406 2247 545 2299 deterioris
565 2248 688 2300 lectionis
706 2247 798 2298 sordes
818 2247 976 2301 declinasse.
1011 2247 1044 2298 m
1059 2247 1201 2299 lectionum
1217 2235 1366 2314 ¹probabili-

350 2341 390 2385 tas
409 2349 463 2386 nan
482 2331 621 2398 conjicitur
640 2347 672 2384 ex
689 2333 788 2398 majore
806 2333 944 2384 minoreve
961 2347 1070 2384 numero
1088 2334 1226 2397 vitiorum,
1252 2348 1319 2402 quae
1337 2337 1364 2384 in

351 2419 408 2472 boo
435 2418 480 2471 vel
505 2419 554 2472 illo
582 2419 683 2471 codice
703 2419 841 2470 commissa
868 2419 934 2473 sint:
967 2433 1036 2486 quae
1066 2417 1172 2486 quidem
1201 2421 1269 2471 ratio
1297 2418 1363 2471 iacit

352 2512 513 2559 momentum
535 2506 562 2556 in
587 2505 681 2559 damno
707 2520 740 2556 ex
763 2504 912 2558 calamitate
935 2511 1013 2572 capto
1041 2506 1113 2556 inter
1133 2505 1277 2572 agricolas.
1291 2521 1366 2558 cous·

352 2589 490 2658 pensando
521 2606 551 2642 aa
584 2589 764 2644 resarciendo.
808 2589 868 2658 lpse
890 2589 1116 2657 ⁴Schneidevuiuus
1144 2592 1299 2642 sententiam
1330 2590 1364 2642 da

353 2677 509 2727 auctoritate
522 2691 552 2726 aa
569 2677 730 2742 praestantia
745 2675 849 2726 illorum
868 2675 991 2726 codicum
1003 2675 1126 2725 universe
1138 2674 1266 2741 prolatam
1277 2675 1366 2744 aliquo

352 2758 432 2812 modo
458 2762 660 2827 circumscripsit
683 2762 710 2811 in
728 2758 853 2827 Prolegg.
870 2775 897 2826 p.
914 2758 1033 2811 LXXXV.
1051 2774 1091 2827 sq.
1110 2757 1186 2812 CXV.
1203 2776 1243 2829 sq.
1261 2758 1367 2827 cxvu„

354 2852 382 2896 et
399 2846 498 2896 monuit
514 2860 540 2911 p.
560 2844 633 2898 cvii.
650 2859 705 2913 sq,
723 2844 867 2911 periculum
885 2844 977 2908 fnisse,
989 2860 1024 2895 ne
1041 2844 1171 2895 interdum
1188 2846 1368 2913 praejudicata

357 2929 468 2998 quadam
480 2930 604 2981 bonitatis
622 2930 682 2982 libri
695 2929 811 2981 'lbuanei
826 2932 953 2998 opinione
971 2930 1094 2983 seductus
1111 2930 1273 3000 reliquorum
1290 2932 1368 2985 iidem

352 3016 447 3081 injuria
464 3018 604 3083 spreverit:
624 3017 696 3085 qued
712 3016 930 3085 pericularwboe
942 3016 1048 3086 quidam
1066 3016 1127 3069 loco
1146 3032 1201 3070 nou
1219 3018 1311 3087 effugit
1323 3020 1365 3072 air

354 3102 529 3156 doctissimus.
564 3103 633 3156 Sane
650 3120 704 3155 non
722 3103 936 3171 reprehenderim
955 3119 1030 3168 curn,
1058 3105 1103 3172 qui
1127 3103 1200 3155 illum
1223 3103 1318 3155 librum
1335 3106 1362 3156 in

355 3194 427 3239 textu
440 3190 622 3241 constituendo
636 3198 773 3258 sequatur,
792 3190 941 3258 ubicunque
953 3188 1026 3241 nullo
1045 3191 1193 3241 sententiae
1204 3190 1367 3242 sermonisve

358 3274 514 3328 detrimento
533 3275 589 3325 lieri
606 3283 706 3341 potest:
732 3283 758 3327 at
776 3278 904 3329 sermonis
923 3275 996 3327 latini
1015 3275 1164 3343 elegantiae
1183 3275 1302 3327 damnum
1319 3290 1368 3341 per

357 3359 551 3425 ambiguitatem
578 3360 706 3427 quandam
731 3360 874 3413 locutionis
899 3360 962 3414 mibi
990 3360 1096 3411 videtur
1118 3360 1239 3411 intulisse
1262 3361 1367 3413 criticus

355 3445 448 3497 urbia
464 3446 551 3497 uicina
569 3446 718 3500 scribendo.
752 3445 835 3499 Plana
858 3446 930 3497 aliud
949 3446 1019 3497 euim
1041 3460 1073 3497 ea
1091 3445 1226 3498 locutione
1243 3460 1278 3496 ex
1293 3459 1368 3496 more

356 3531 428 3583 illius
453 3533 545 3584 aetatis
569 3533 711 3600 significari
735 3532 818 3595 solet,
846 3548 923 3599 quam
942 3530 1015 3600 quod
1030 3530 1156 3583 Martialis
1174 3530 1252 3583 dixit:
1269 3534 1367 3599 quippe

361 3619 448 3667 vicino
458 3616 530 3667 urbis
545 3626 607 3669 suut
618 3634 678 3684 pars
691 3616 762 3669 urbis
780 3616 860 3672 alicui
872 3617 933 3669 loeo
950 3617 1048 3673 vicina.
1083 3614 1122 3668 (ll.
1141 3616 1174 3669 de
1185 3615 1237 3671 hoc
1254 3632 1303 3669 usu
1320 3617 1369 3668 ad-

354 3700 447 3769 jectivi
470 3711 556 3755 neutr.
580 3702 649 3769 plur.
675 3720 733 3755 eum
758 3705 839 3771 gerit.
862 3702 944 3756 subet.
966 3701 1057 3770 juncti¹
1073 3702 1227 3758 liamslrorn.
1250 3702 1293 3760 Gr.
1311 3704 1367 3761 Lat.

357 3788 383 3847 §.
404 3788 459 3841 101.
477 3797 532 3839 not.
550 3790 574 3839 l.
593 3804 618 3855 p.
635 3781 695 3841 305.
713 3806 753 3856 sq.
765 3796 792 3841 et
808 3788 908 3855 Reisig.
923 3785 965 3839 Gr.
983 3787 1038 3840 Lat.
1056 3788 1083 3848 5.
1099 3785 1159 3843 350.
1175 3787 1267 3858 ibique
1277 3790 1367 3841 llaasii

352 3858 445 3925 ¹uotam
463 3872 522 3925 524.
560 3873 719 3941 Quamquam
737 3873 807 3925 baud
825 3875 932 3942 ignarus
943 3889 999 3925 auru
1017 3872 1150 3938 adjectivo
1167 3877 1267 3927 mesas
1283 3869 1368 3927 inter-

361 3958 420 4009 dum
439 3962 582 4026 genitivum
601 3959 741 4027 conjungi,
764 3962 832 4011 sicut
845 3958 901 4013 Cic.
920 3958 969 4016 011.
986 3959 1032 4024 111,
1049 3957 1092 4014 29.
1107 3961 1183 4025 fideus
1197 3962 1227 4011 isa
1243 3958 1367 4029 Capitolio

356 4046 467 4095 amioum
484 4046 556 4097 Joats
575 4046 668 4113 Optimi
685 4044 797 4097 Maximi
812 4047 924 4108 majores
947 4046 1029 4098 nostri
1052 4060 1105 4099 ease
1121 4046 1273 4106 uolueraatf
1292 4046 1364 4098 Orat.
1399 4096 1403 4107 ,

356 4124 399 4190 31,
421 4126 478 4183 113.
493 4133 605 4183 uicinam
622 4128 759 4195 ejus(soil.
769 4128 920 4195 suauitatis)
939 4139 1015 4196 utque
1030 4131 1165 4195 finitimam
1175 4130 1366 4184 dialecticorum

356 4216 490 4266 scientiam
507 4233 650 4281 assamere3
686 4214 763 4269 Ovid.
787 4216 857 4271 rasa.
880 4216 927 4280 Vl,
945 4213 1005 4271 399.
1027 4219 1105 4267 seam
1123 4233 1189 4267 caus
1205 4218 1291 4267 viciae
1307 4216 1365 4272 loci.

358 4296 455 4351 Contra
466 4300 598 4369 vulgatam
610 4309 670 4355 ante
683 4300 915 4355 Schneidewinam
932 4302 1084 4367 scripturam
1096 4301 1156 4351 arbi
1162 4302 1248 4351 mona
1259 4311 1364 4366 praeter

358 4385 503 4437 simillimos
515 4387 597 4439 Taciti
616 4387 692 4439 locos
705 4404 782 4454 supra
799 4388 894 4441 allatos
913 4388 991 4439 etiam
1003 4385 1113 4453 perboui
1129 4385 1206 4437 codd.
1216 4385 1363 4439 Puteaneus

283 4506 288 4533 .
357 4478 383 4521 et
402 4472 522 4523 Vossiani
545 4473 596 4524 duo
615 4471 696 4535 tad,
721 4474 765 4540 qui
788 4481 847 4524 sunt
869 4473 1040 4524 vetustissimi
1062 4470 1177 4522 familiae
1202 4469 1251 4535 C‚a
1272 4479 1363 4538 testes,

358 4555 504 4625 quibusque
521 4572 646 4612 summam
664 4560 845 4616 auctoritatem
862 4558 1026 4614 tribuendam
1037 4559 1197 4691 conscripse
1214 4557 1362 4612 Schneide-
