3525 5500
903 648 1051 743 Ani„

419 852 568 922 teporatur
582 850 617 906 li.
640 846 799 922 reticetur,
822 848 892 905 cdd:
907 856 975 905 vett.
995 846 1299 920 relepotcrexbiltentt
1321 857 1401 915 ortem
1418 842 1517 914 quidem

418 955 594 1025 scripturam,
624 954 688 1014 licat
716 965 803 1025 nuper
833 952 1210 1022 liicssliugioflWaltltero,
1240 949 1360 1018 Baclnim
1392 947 1516 1017 aupemo

417 1057 576 1127 probatam,
599 1057 723 1127 equidem
738 1057 772 1111 in
794 1062 898 1111 textum
920 1054 992 1109 baud
1013 1054 1174 1125 receperim.
1218 1052 1325 1107 Etenim
1348 1066 1418 1121 quae
1441 1051 1517 1105 Wol-

418 1159 487 1222 tlrer¹
502 1160 589 1216 attulit
611 1160 751 1230 exempla,
781 1165 810 1213 ut
838 1158 969 1229 probaret
999 1164 1142 1213 senatores
1165 1154 1325 1213 sententiam
1348 1154 1445 1209 dantes
1468 1152 1517 1208 diei

418 1237 529 1328 lacere,
553 1262 627 1333 quod
656 1262 713 1319 lieri
734 1235 863 1331 'uellenti
891 1278 923 1317 ca
946 1262 1005 1333 ipsa
1033 1260 1150 1335 docent,
1181 1266 1234 1315 tum
1257 1236 1356 1313 nomen
1379 1258 1456 1327 ejus,
1480 1257 1519 1327 qui

417 1364 577 1422 senentiam
607 1364 691 1434 dixit,
721 1365 839 1420 additam
857 1364 962 1419 ‚luisse
1012 1362 1175 1433 scripsisset
1203 1360 1293 1431 igitur.
1313 1360 1433 1418 tacitus
1452 1360 1477 1415 b.
1504 1360 1518 1415 l.

419 1473 464 1521 cut
485 1466 527 1522 tt·
542 1467 680 1522 'Pisonem
702 1510 709 1523 .
733 1509 740 1523 .
763 1509 769 1522 .
791 1468 905 1537 cclcpnt
926 1460 1002 1531 [scil.
1030 1466 1129 1535 Cotto,
1154 1464 1228 1534 quod
1246 1478 1348 1518 *nomeu
1371 1463 1520 1520 nominandi

418 1586 484 1624 casu
506 1563 750 1640 praecedit],'aut
764 1567 801 1625 Μ.
818 1570 885 1624 Piso
909 1609 947 1651 ·,·
970 1612 976 1623 .
1000 1566 1035 1622 alr
1053 1584 1086 1623 co
1110 1564 1143 1633 (i.
1165 1580 1188 1621 e.
1213 1550 1345 1630 nColtn)
1368 1566 1518 1637 relepotur.

336 1671 341 1679 '
418 1647 538 1728 Accedit
559 1647 641 1743 ¹quod
670 1672 779 1727 ablat-ivi
809 1672 925 1754 absoluti
957 1680 1046 1727 cocto
1075 1656 1213 1743 dipmitote
1244 1676 1271 1725 ct
1293 1676 1411 1743 accepto
1436 1670 1519 1741 quio-

417 1751 538 1847 quopc'cs
562 1751 693 1841 sestertio
716 1776 929 1834 illi.seutentiae
944 1775 1153 1834 conformationi
1176 1776 1268 1845 parum
1292 1772 1458 1829 conveniunt
1479 1780 1518 1827 at-

417 1896 471 1949 que
502 1878 703 1949 ambiguitatem
731 1880 866 1935 sermonis
893 1894 947 1935 non
976 1878 1149 1935 mediocriter
1178 1883 1299 1946 augenti
1328 1876 1436 1935 'Contra
1458 1876 1517 1931 vul·

419 1986 483 2051 gata
513 1981 647 2051 scriptura
677 1982 795 2036 iirmatnr
821 1980 901 2036 simili
935 1982 1080 2036 verborum
1112 1979 1316 2035 constructione
1346 1978 1379 2033 Α.
1408 1978 1448 2049 ll,
1472 1978 1516 2033 85.

417 2090 486 2139 extr.
509 2073 627 2155 reperta.
673 2084 798 2140 Ceterum
814 2083 902 2139 'incile
923 2092 1039 2155 propter
1060 2082 1162 2138 librarii
1184 2081 1317 2137 inscitiam
1339 2080 1397 2136 lieri
1421 2083 1515 2153 potuit,

415 2194 445 2242 nt
466 2186 507 2257 is,
531 2186 631 2260 quippe
654 2178 699 2258 qui
720 2189 853 2245 rationem
875 2182 1041 2258 conjunctivi
1056 2188 1244 2257 ,relepnrctcr
1266 2201 1321 2240 non
1343 2184 1518 2256 intelligeret,

417 2306 550 2362 perverse
579 2291 698 2350 instituta
721 2292 866 2347 verborum
898 2267 1104 2359 constructione
1128 2288 1317 2360 compendium
1339 2288 1407 2343 illud
1429 2288 1518 2358 negli-

418 2399 513 2461 geret:
545 2392 593 2447 de·
610 2408 664 2463 quo
691 2394 830 2449 uberrimo
858 2396 935 2451 lorite
965 2392 1177 2465 corruptelarum
1208 2408 1267 2447 curn
1303 2392 1330 2449 in
1360 2391 1420 2447 aliis
1449 2392 1519 2447 scri-

417 2494 542 2563 ptoribus
557 2495 651 2549 tum-in
665 2495 843 2550 Tacitilibris
856 2497 1087 2567 deprehensarum
1101 2494 1156 2551 elio
1170 2495 1235 2550 loco
1248 2494 1325 2565 plura
1348 2494 1519 2549 disseremus.
1585 2488 1586 2557 ᾖ

518 2596 584 2651 ltem
606 2598 633 2651 in
653 2596 703 2653 lib.
724 2598 826 2667 legitur
848 2598 879 2652 Α.
904 2596 983 2667 XVI,
1008 2596 1056 2653 21.
1080 2614 1143 2653 cnm
1166 2597 1200 2653 dc
1222 2596 1380 2668 Aprippino
1397 2596 1522 2667 serretur

341 2730 347 2748 .
415 2696 467 2770 pro
498 2701 578 2776 ch.
601 2697 636 2757 A:
663 2701 838 2774 referretcr3
867 2708 895 2776 et
923 2717 946 2756 c.
970 2684 1018 2756 22.
1049 2700 1133 2756 lectio
1162 2698 1313 2756 rinnon.
1337 2702 1447 2773 spernit
1476 2701 1518 2756 lc-

415 2803 515 2872 picnes
538 2809 598 2858 orta
621 2820 657 2865 ex
690 2805 831 2876 armeppt
859 2805 992 2880 scriptura
1023 2789 1306 2878 specnttffflipiones
1326 2804 1344 2858 i.
1368 2819 1391 2860 e.
1416 2806 1520 2876 spernit

415 2906 577 2977 sediciones.
621 2906 652 2961 li.
673 2907 730 2976 lV,
755 2906 810 2964 tet
826 2907 962 2965 librillsti
983 2908 1099 2964 etedd.
1125 2914 1188 2964 vett.
1204 2907 1333 2966 exhibent
1354 2923 1449 2984 supro
1465 2924 1518 2979 pc-

416 3009 496 3064 ticro'
507 3025 560 3079 pro
571 3024 670 3081 ¹sopra
685 3012 852 3082 repelleres
881 3011 913 3066 ll.
937 3009 978 3080 ll,
992 3011 1030 3065 Bt
1054 3007 1237 3080 discrepantia
1255 3008 1396 3079 codicum,
1420 3025 1437 3064 e
1461 3009 1519 3079 qui-

416 3110 467 3164 bus
489 3111 540 3166 lla.
569 3118 596 3166 et
619 3113 679 3166 Vat.
700 3111 792 3182 lipsii·
815 3113 942 3183 dempto,
967 3111 996 3167 O.
1021 3113 1173 3183 deninpin,
1196 3109 1225 3166 F.
1249 3112 1378 3181 dempta.
1410 3111 1442 3166 li.
1466 3113 1518 3167 dc-

414 3214 510 3295 oipic,
539 3211 569 3268 B.
600 3214 716 3284 deiopio
738 3214 793 3301 'vel
823 3207 942 3296 decipio
976 3195 1123 3286 praebent,
1153 3215 1186 3270 ab
1216 3215 1357 3285 archetypi
1387 3215 1517 3286 scripturn

415 3302 538 3387 decipio
560 3316 577 3372 i.
601 3333 625 3372 e.
649 3315 716 3372 dein
737 3319 832 3389 repta,
863 3297 932 3390 quae
961 3326 1003 3376 est
1024 3319 1113 3395 lectio¹
1133 3335 1168 3374 ex
1191 3317 1306 3381 Mereeri
1329 3317 1516 3374 emendatione

414 3417 704 3489 rnlgmmorigincm
733 3421 815 3491 cepit.
864 3422 959 3492 ltaque
988 3437 1066 3491 quum
1094 3421 1127 3478 t.
1150 3422 1216 3490 XV,
1241 3420 1270 3476 2.
1293 3427 1362 3476 extr.
1387 3421 1439 3477 lla.
1463 3437 1515 3476 cc-

415 3519 516 3591 tcrbc,
540 3520 812 3594 0.1t.eted.8pte.
837 3523 989 3594 exturbat,
1019 3525 1079 3579 libri
1102 3523 1218 3578 familiae
1242 3523 1393 3580 Genuensis
1415 3523 1513 3592 vulga-

414 3621 641 3691 tumcctorbcrt
663 3623 825 3699 exhibeant,
849 3619 1038 3696 compendium
1063 3611 1192 3680 eccurtd
1224 3626 1250 3679 in
1272 3625 1424 3696 archetypo
1449 3640 1516 3679 exa-

413 3708 514 3796 ratum,
536 3724 698 3809 sed'post'ea
714 3722 787 3782 iorte
802 3714 983 3802 obliteratum,
1008 3727 1225 3810 corrumpendae
1241 3729 1316 3783 vario
1340 3727 1422 3782 modo
1446 3726 1514 3782 scri-

412 3835 509 3901 pturae
538 3845 630 3885 ansam
661 3829 771 3899 dedisse
801 3830 929 3902 conjicio·
982 3812 1163 3912 certissimam
1192 3832 1275 3914 igitur
1298 3831 1416 3889 Ernestii
1447 3846 1513 3885 con-

412 3930 543 3992 tecturam
565 3931 729 3992 calcedone·
747 3933 785 3991 nil
807 3934 901 3991 unnim
925 3933 1124 3991 commendare.
1171 3932 1336 4016 Quamquam
1360 3935 1430 3990 enim
1453 3949 1513 3988 ver·

412 4034 475 4089 bum
496 4036 645 4091 mundavit
672 4035 829 4092 accusativo
852 4050 883 4092 tc.
906 4036 954 4091 ini.
982 4053 1057 4108 pase.
1074 4037 1219 4106 ⁴coniungi
1241 4043 1337 4106 potest
1364 4031 1419 4102 (ci.
1441 4036 1512 4091 Suet.

414 4137 472 4193 Tib.
497 4138 546 4195 65¹.
570 4133 674 4208 extr),
696 4144 803 4209 temen,
827 4154 905 4209 qurum
928 4137 1035 4194 lionesi
1055 4151 1148 4194 curem
1164 4137 1291 4208 Tigranis
1314 4137 1441 4193 Armenia
1465 4155 1513 4194 ex-

413 4239 533 4310 pellendi
562 4222 712 4296 mandatam
742 4258 806 4298 esse
836 4259 872 4297 ex
905 4258 929 4296 e.
961 4229 989 4296 ll.
1019 4239 1231 4312 init'ccnstet,
1260 4241 1327 4297 illud
1347 4241 1460 4297 verbum
1482 4239 1514 4294 nd

435 4496 438 4501 ,
499 4459 579 4525 tt,3
601 4465 629 4512 in
651 4461 711 4516 cod.
738 4461 904 4514 blurbacensi
927 4463 1051 4516 Rurcrius
1073 4477 1187 4530 parcre,
1217 4463 1406 4518 Amenbacbius
1428 4464 1515 4532 pareri

429 4545 445 4590 ί
479 4545 633 4616 .·lsgerent;
649 4549 775 4616 vulgatur
793 4563 862 4600 vcro
880 4565 913 4600 cx
933 4557 1005 4600 certa
1022 4548 1125 4602 Burerii
1145 4550 1298 4606 coniectura
1314 4559 1419 4619 parcre.
