3525 5500
863 682 1014 776 ...L

384 880 541 941 lenissimae
562 888 663 943 matun
684 879 839 938 mutationis
866 879 1001 939 licentiam
1023 878 1075 939 sibi
1098 878 1207 949 sumsit,
1230 882 1259 933 nt
1279 876 1370 935 serbis
1391 877 1487 935 aalma

383 984 525 1042 hiemum
559 1000 659 1043 vocum
687 1000 784 1040 sonum
819 989 848 1039 et
877 983 991 1041 termam
1019 981 1158 1044 redderet.
1201 980 1268 1038 Nam
1296 997 1366 1052 quae
1394 998 1419 1039 v.
1450 980 1486 1037 cl.

382 1087 609 1143 Schneidewinua
630 1087 657 1143 in
671 1086 805 1156 Prolegg.
827 1086 871 1143 ed.
894 1085 1023 1141 Martialis
1044 1101 1109 1157 paq.
1131 1084 1260 1141 lxxxv.
1284 1083 1319 1141 de
1340 1089 1485 1155 praestan·-

382 1189 486 1253 tissima
508 1196 611 1259 poetae
637 1188 738 1245 codice
766 1188 897 1243 Thuaneo
920 1188 1032 1259 scribit,
1063 1187 1159 1245 eadem
1187 1187 1346 1258 plerumque
1367 1186 1428 1243 iere
1449 1185 1487 1243 ita

382 1292 409 1347 io
432 1291 582 1347 llediceum
605 1291 691 1347 Taciti
724 1291 826 1347 cadere
847 1291 982 1362 frequenti
1009 1291 1102 1347 remae
1130 1290 1257 1347 lectionis
1284 1306 1335 1347 usu
1357 1296 1487 1361 expertus

382 1411 457 1465 sum,
480 1402 508 1451 ut
530 1395 589 1465 ejus
611 1394 733 1451 indolem
759 1401 789 1450 et
817 1394 1009 1453 condicionem
1031 1393 1110 1451 nullis
1134 1393 1297 1456 carioribus
1314 1392 1409 1463 siquis
1433 1392 1486 1449 de·-

382 1496 465 1553 scrihi
486 1504 598 1567 putem,
621 1513 699 1569 quam
719 1496 807 1553 nivini
830 1497 981 1553 doctissimi
1002 1496 1086 1553 verba
1108 1495 1231 1553 alierum:
1275 1488 1486 1568 Stupidissimus

380 1598 530 1669 librarius,
554 1600 673 1670 quinia
695 1598 784 1656 serbe
812 1601 927 1671 unquie
948 1601 1126 1657 intelleaisse
1155 1600 1306 1667 uideatur,-
1337 1606 1395 1655 tans
1418 1606 1484 1653 tur-

376 1704 452 1773 piter
473 1703 521 1757 nel
539 1704 571 1757 in
583 1704 769 1774 apertissimis
792 1701 903 1759 titubat.
947 1702 1003 1758 Sed
1023 1703 1098 1759 idem
1118 1702 1194 1759 tanc
1217 1700 1379 1757 barbariem
1402 1718 1485 1757 coat-

374 1813 480 1876 peasat
501 1822 609 1861 summa
625 1806 762 1876 reiiqiene
776 1807 824 1861 nel
844 1805 939 1863 dicam
953 1806 1169 1881 superstitione,
1192 1822 1251 1877 qua
1261 1806 1366 1863 uetusti
1380 1821 1483 1862 eaeru-

374 1909 468 1979 ptam's
489 1909 591 1963 ductas
612 1910 740 1965 imitatus
762 1916 870 1964 est....
914 1908 946 1963 ln
967 1907 1126 1963 numinibus
1144 1909 1269 1980 propriis
1289 1924 1374 1979 saepe
1396 1909 1485 1963 msam

377 2018 487 2080 meoet‚·
516 2028 570 2067 nec
585 2015 623 2067 in
645 2010 864 2068 elementaribus
891 2028 950 2067 aen
983 2012 1111 2069 vacillat.
1159 2010 1287 2082 Denique
1322 2012 1486 2082 saepissime

376 2114 426 2174 iile
448 2131 508 2169 non
527 2112 616 2169 uerba
627 2113 745 2187 scribit,
767 2117 818 2175 sed
829 2117 970 2187 imaqines
987 2116 1126 2186 qnamdam
1148 2122 1176 2171 et
1190 2112 1306 2169 umbras
1325 2112 1483 2171 culmum.

384 2216 436 2271 Vel
463 2218 506 2273 sie
543 2218 636 2273 eadee
671 2225 715 2273 est
741 2235 816 2274 unus
844 2220 968 2275 omniun
1001 2218 1264 2287 emendatissimus,
1293 2218 1320 2271 si
1348 2232 1484 2272 maana

376 2328 503 2391 spectes,
532 2322 615 2391 cujus
636 2322 684 2377 oet
705 2338 818 2378 errores
836 2323 931 2394 pluris
944 2329 1011 2379 sunt
1033 2338 1119 2393 quarn
1140 2322 1315 2393 reliquarum
1327 2320 1484 2377 munditiae

378 2418 584 2479 aestimandae.
635 2424 755 2494 Infinitis
777 2425 848 2480 lucis
869 2442 944 2481 annas
965 2425 1044 2481 sulus
1065 2426 1127 2481 aeri
1147 2440 1268 2497 mutuor
1289 2431 1345 2494 est,
1368 2440 1387 2479 a
1407 2422 1483 2479 rali-

376 2542 497 2597 quoram
531 2524 669 2582 bonerum
694 2524 827 2599 partibus
856 2526 961 2599 ubique
988 2535 1062 2597 stat,
1090 2544 1176 2600 saepe
1204 2528 1253 2583 ad.
1269 2542 1367 2582 aerum
1397 2542 1485 2583 manu

375 2629 468 2698 ducit,
496 2630 659 2700 samsima,
682 2631 708 2683 si
721 2637 824 2701 aperta
844 2630 916 2686 uitia
930 2631 1093 2703 acceperis,
1116 2630 1261 2687 deteriora
1274 2627 1358 2698 affert
1379 2628 1485 2687 esteris

375 2730 522 2788 codicibus
546 2726 591 2800 ⁸).

476 2836 652 2906 Reliquorum
679 2836 798 2894 larniliae
819 2835 959 2894 Romanae
987 2835 1113 2895 codicum
1140 2833 1242 2895 librarii
1270 2832 1356 2892 minus
1383 2833 1480 2904 rudes,

383 3104 387 3112 ,
406 3044 439 3110 3]
459 3044 582 3101 Ceterum
601 3049 651 3101 etsi
671 3063 686 3100 a
703 3064 834 3100 novorum
858 3048 981 3100 codicum
998 3047 1123 3100 illatorum
1144 3047 1290 3100 collatione
1308 3049 1354 3102 vix
1371 3047 1480 3102 multum

460 3132 552 3184 salutis
577 3133 668 3187 Tacito
693 3135 892 3200 expectaveris,
915 3133 1030 3186 iledicei
1053 3141 1142 3186 temen
1165 3149 1237 3189 nova
1260 3134 1369 3188 collatio
1394 3149 1480 3200 eaque

457 3220 605 3271 accuratior
623 3219 754 3286 prioribus
765 3221 929 3284 instituatur,
951 3235 1063 3286 cuperes
1082 3227 1257 3288 optaresque,
1276 3219 1406 3288 siquidem
1424 3218 1482 3269 dia-

460 3306 621 3370 crepuntiam
640 3300 813 3356 collationum
831 3322 846 3355 u
865 3305 1000 3369 Victoria,
1024 3303 1156 3369 Pichene,
1180 3305 1237 3361 Jec.
1257 3303 1408 3368 Gronovio,
1426 3303 1482 3356 Fu-

460 3391 500 3441 ria
517 3391 659 3455 laetarum,
683 3407 750 3459 quae
774 3407 829 3443 non
853 3393 890 3442 ita
908 3392 999 3458 paucis
1018 3391 1086 3444 loeis
1105 3391 1275 3460 investiganti
1294 3391 1423 3454 occurrit,
1442 3389 1481 3440 si-

383 3507 396 3526 ν.
458 3477 513 3527 mul
531 3493 563 3528 ea
581 3478 750 3541 aundderaa,
781 3493 850 3546 qnae
877 3478 1010 3530 Bandinus
1033 3479 1061 3528 in
1081 3473 1210 3545 Cataloqo
1230 3475 1314 3531 codd.
1336 3475 1393 3529 Lat.
1410 3475 1481 3529 Bibl.

456 3563 658 3617 dled.l.aureut.
677 3562 751 3617 Tum.
767 3563 800 3616 ΙΙ.
809 3581 836 3630 p.
852 3561 913 3618 834.
932 3573 997 3616 extr.
1015 3570 1043 3616 et
1053 3573 1083 3630 pt
1093 3561 1155 3620 835.
1173 3571 1239 3618 extr.
1252 3563 1286 3616 de
1294 3561 1355 3616 listi
1366 3561 1482 3614 Madiuai

374 3709 378 3716 .
457 3647 526 3700 lucie
545 3648 633 3700 refert.
669 3647 694 3699 la
713 3665 782 3700 earm
801 3649 868 3702 haec
886 3649 991 3702 scribite
1027 3647 1130 3700 Adsunt
1146 3652 1176 3700 in
1204 3650 1322 3714 marpissa
1339 3665 1480 3700 summa-

455 3733 513 3783 ria
529 3750 640 3784 rerum
657 3743 681 3785 et
705 3737 883 3786 annotationes
900 3735 1040 3786 nonnullae
1059 3735 1194 3788 diuersa
1214 3751 1326 3798 manu,
1344 3736 1390 3785 aad
1406 3735 1491 3798 valde

457 3821 580 3885 antiqua,
600 3817 662 3869 dein
679 3820 767 3883 addit,
784 3820 897 3872 multis
917 3821 1054 3874 inlocis
1080 3821 1200 3874 codicem
1220 3819 1480 3884 evanidumesse,

456 3903 688 3970 ubipesterior
705 3905 821 3972 quidem,
839 3906 888 3956 sed
900 3915 1003 3958 vetusta
1016 3923 1106 3959 manus
1120 3906 1238 3958 deleta
1254 3903 1338 3958 verba
1348 3907 1376 3956 in
1388 3905 1481 3972 spatiis

456 3990 694 4044 interlinearibusr
705 3993 923 4058 ascripserit·
941 3994 974 4046 Et
985 3993 1035 4044 han
1049 3994 1154 4062 quidem
1169 3992 1203 4044 de
1213 4009 1243 4044 re
1256 3993 1413 4061 gravissima
1425 3991 1481 4043 vv.

453 4075 525 4139 DD„
544 4077 589 4145 qui
612 4077 706 4128 illatum
730 4079 917 4144 inspexerunt,
936 4079 1002 4132 nihil
1027 4082 1093 4134 certi
1111 4086 1304 4143 narraverunt,
1323 4077 1396 4146 quad
1415 4091 1480 4129 sana

457 4161 609 4214 dolendum.
643 4162 729 4214 llodie
743 4163 848 4231 quidam
863 4180 955 4231 parum
974 4173 1136 4232 courpcrtum
1148 4163 1291 4232 habemus,
1310 4179 1378 4232 quse
1396 4164 1483 4231 priori

455 4248 650 4315 vetustiorique
669 4250 873 4316 manuscripta,
893 4266 1015 4320 quaeque
1029 4251 1112 4302 altera
1132 4250 1235 4302 demum
1249 4249 1338 4302 codici
1357 4249 1478 4302 llledrceo

455 4334 531 4401 illata¹
546 4335 607 4386 sint.
644 4333 697 4385 Sed
715 4336 790 4385 mitto
810 4351 975 4387 communem
995 4335 1065 4390 hane
1084 4336 1170 4388 labem
1190 4336 1304 4388 omniurn
1324 4335 1380 4386 lere
1399 4334 1477 4386 codi-

456 4433 515 4469 cum
534 4419 707 4472 colletionum
726 4429 752 4472 et
771 4421 917 4473 editionum
934 4422 1092 4476 criticarum.
1133 4421 1201 4473 Salus
1219 4421 1299 4473 habui
1315 4421 1368 4474 hoc
1386 4421 1480 4471 vitium

453 4519 525 4555 nova
543 4506 688 4558 collatione
718 4505 864 4558 tollendum
883 4507 1025 4560 denotasse
1049 4523 1103 4560 non
1122 4508 1180 4559 sine
1199 4508 1288 4576 aliqua
1309 4505 1478 4574 sperulatis,

457 4604 526 4658 quae
544 4590 608 4644 iude
625 4593 709 4644 textui
726 4594 820 4646 summi
837 4609 923 4646 rerum
935 4593 1110 4648 Romanarum
1128 4589 1244 4648 auctoris
1256 4601 1420 4663 proventura
1436 4594 1482 4644 sit.
