3525 5500
933 622 973 681 tt

877 702 1028 716 *ιο-

404 816 473 873 edit
490 813 569 885 reo.)
597 836 615 875 e
643 819 726 875 oodd.
760 820 832 876 Vatt.
863 820 1008 891 genuinam
1036 818 1197 891 scripturam
1223 818 1368 880 cumulata·
1403 836 1441 876 ue
1467 827 1503 877 tr.

403 937 466 977 aru.
478 939 526 995 pr.
539 922 694 979 restituere.
715 922 822 980 Etenim
834 938 890 980 nou
903 922 1064 994 insignia
1078 922 1402 983 taultmtoonsulariu
1418 922 1504 995 Agri·

402 1024 678 1097 oolaedataiuerant,
691 1026 743 1082 rod
754 1026 868 1096 ipaum
882 1042 967 1085 onus
977 1027 1010 1081 ul
1019 1031 1107 1085 atum
1116 1031 1252 1096 genuerat.
1273 1023 1391 1095 (lldgr.
1400 1024 1504 1095 dextr.

486 1127 668 1184 Doederlinuu
683 1126 717 1183 Α
730 1128 811 1198 lllV,
832 1126 882 1183 34.
905 1128 995 1185 simile.
1003 1128 1128 1193 mendum
1140 1127 1278 1188 correxit:
1298 1128 1336 1185 ibi
1350 1128 1421 1187 euim
1433 1128 1504 1183 nullu

399 1229 682 1287 leetionia.varietate
693 1236 787 1287 notata
808 1230 936 1301 vulgatur
949 1234 1045 1288 auimo
1067 1233 1146 1294 ¹adeo
1160 1232 1241 1302 sero3
1264 1230 1316 1288 red
1327 1246 1406 1301 quum
1421 1232 1503 1287 totius

399 1330 457 1389 looi
467 1332 575 1389 ratioet
587 1332 721 1389 sententia
736 1349 792 1391 non
804 1334 970 1391 leuitatis
987 1342 1015 1391 et
1028 1334 1209 1404 inmunitatis,
1223 1334 1273 1391 red
1286 1334 1455 1417 ierooiae
1470 1350 1503 1391 ao

398 1435 543 1505 superbiae
556 1436 841 1493 commemorationem
854 1443 969 1507 poseat,
992 1436 1186 1508 proprietatem
1203 1435 1348 1513 vetitorum
1362 1436 1502 1508 amplexus

399 1538 519 1608 ooujeoit
545 1538 587 1594 vir
609 1538 802 1609 sagacissimus
815 1540 911 1595 auimo
935 1541 1008 1595 adeo
1026 1540 1119 1610 feroci
1134 1539 1281 1609 legendum
1304 1554 1377 1600 aare.
1399 1552 1402 1559 '
1427 1524 1503 1607 lulem

397 1637 508 1711 mxlv,
526 1638 576 1697 48.
593 1647 662 1695 extr.
680 1641 822 1711 vulgatam·
832 1642 896 1699 lira
910 1649 941 1699 et
952 1642 1013 1699 edd.
1029 1648 1093 1699 vett.
1103 1642 1249 1701 tentionem
1264 1642 1417 1725 emendavit
1428 1642 1502 1700 uoui-

395 1742 488 1800 beudo
497 1758 532 1798 eu
541 1743 677 1815 pmvutim
688 1746 864 1801 adsertorem
878 1752 906 1801 et
913 1743 1028 1817 pudure
1045 1746 1213 1804 elementor
1228 1746 1383 1803 monimum
1397 1761 1501 1802 ouem-

391 1846 472 1917 plum
484 1845 614 1916 futurum
627 1862 679 1918 pro
690 1846 824 1919 publicae
839 1848 1005 1905 elementiae
1020 1854 1073 1905 eto.
1091 1842 1167 1912 ¹⁴2).
1189 1848 1226 1904 Et
1235 1848 1394 1919 raepiuaime
1415 1848 1501 1905 verba

391 1949 526 2020 priuatim
539 1955 567 2005 et
576 1948 690 2021 putta'oe
705 1950 758 2007 eibi
774 1956 964 2021 opponuntur,
980 1967 1005 2007 v.
1027 1966 1051 2007 o.
1065 1950 1138 2021 apud
1152 1950 1286 2005 Senecam
1297 1950 1382 2021 Epist.
1407 1950 1457 2005 95.
1472 1967 1500 2021 p.

396 2046 567 2122 22⁷,a.ed.
591 2050 697 2108 Gruter.
718 2069 743 2109 a.
761 2050 853 2107 1604.
889 2052 946 2109 Cic.
969 2053 1004 2111 de
1033 2050 1229 2122 tuvenu.1,t.
1259 2054 1338 2110 Verr.
1360 2052 1397 2124 ll,
1420 2051 1447 2123 1,
1471 2052 1500 2109 6.

395 2154 460 2212 sau
469 2152 527 2211 otu
543 2151 594 2227 tt,
609 2154 637 2211 o.
651 2155 771 2229 nguruu
786 2154 818 2227 a,
829 2154 856 2211 2.
887 2155 960 2213 vau.
973 2155 1007 2226 u,
1032 2154 1062 2226 a,
1079 2135 1258 2226 tulmupp.
1272 2156 1307 2227 x,
1324 2153 1353 2226 r,
1366 2154 1395 2213 e.
1413 2154 1498 2225 raa.

668 2382 693 2417 u
1103 2412 1105 2419 ,
1354 2412 1357 2423 ,

596 2453 668 2519 De
690 2455 839 2533 altero
861 2458 1084 2523 vitrorum
1107 2474 1291 2539 genere·

413 2574 418 2584 ’
494 2582 564 2639 Dein
591 2584 712 2640 notanda
735 2590 778 2639 eut
799 2584 907 2641 barbari
928 2585 1030 2642 librarii
1045 2584 1187 2643 oroitantia
1210 2591 1239 2640 et
1260 2598 1357 2639 sensus
1376 2598 1411 2639 ae
1433 2600 1497 2651 aer,-
1584 2626 1585 2633 .

390 2686 478 2743 monis
499 2685 670 2758 ignorantia,
693 2688 788 2759 quibua
802 2688 826 2743 iu
848 2688 945 2745 duetus
968 2706 1069 2761 oasnm,
1091 2704 1245 2758 numerum,
1269 2700 1367 2759 genua,
1388 2687 1497 2745 modum

389 2789 505 2847 nomiuiu
520 2796 566 2845 aut
578 2789 706 2862 adjectivi
719 2797 765 2846 aut
775 2791 852 2847 verlri
867 2809 953 2864 saepe
967 2793 1086 2864 mutauit,
1099 2799 1129 2848 ut
1139 2792 1265 2864 proximo
1279 2791 1358 2848 alloni
1366 2791 1496 2848 substan-

389 2893 448 2950 tivo
465 2899 511 2948 aut
518 2891 655 2964 adjectivo
668 2900 714 2948 uut
724 2894 810 2950 uerbo
823 2909 856 2950 ea
871 2895 1025 2952 adstrueret
1035 2903 1115 2966 atque
1130 2895 1350 2950 accommodaret
1372 2887 1437 2960 ¹⁵).
1455 2893 1493 2948 lta

410 3189 487 3255 lla)
505 3191 597 3246 Simile
613 3193 705 3251 uitium
723 3209 766 3261 ap.
783 3192 853 3247 Vell.
876 3191 913 3256 tl,
932 3189 980 3255 28,
1003 3188 1031 3248 3.
1054 3189 1160 3242 sustulit
1181 3189 1313 3242 Puteanus
1332 3188 1491 3257 corrigendo

477 3278 667 3348 Ut...iu9uluti
679 3282 741 3333 uiuis
754 3279 894 3332 Romani
905 3277 1037 3348 publiea
1055 3279 1251 3328 oouadtueretur
1264 3284 1493 3340 auctoramentum,

472 3381 551 3433 quum
571 3365 753 3434 odontitis
772 3364 863 3433 liudp.
880 3362 1030 3431 praeberet.
1065 3362 1095 3415 H.
1113 3362 1132 3418 l.
1151 3378 1242 3430 apogr.
1260 3361 1375 3424 Amerb„
1395 3361 1492 3430 quippe

474 3450 545 3520 quod
559 3449 666 3504 cinisii.
681 3450 837 3518 publicae
850 3449 955 3514 habeat,
967 3448 1109 3502 lectionem
1123 3447 1225 3498 eodiuis
1237 3447 1414 3498 lllurbacenuis
1425 3445 1492 3497 lide-

471 3535 523 3587 lius
542 3535 661 3587 editione
679 3535 800 3602 principe
824 3549 947 3586 servatae
970 3534 1051 3585 iireile
1069 3531 1240 3600 intelligitur,
1265 3531 1292 3582 id
1310 3531 1382 3600 quod
1400 3537 1492 3584 contra

471 3619 597 3670 llrituium
620 3635 733 3683 moneo,
759 3618 804 3686 qui
826 3619 908 3670 nimio
933 3618 1021 3670 studio
1048 3617 1127 3669 iidem
1158 3617 1283 3670 editionis
1305 3618 1432 3684 principie
1457 3615 1490 3668 ab
1522 3613 1524 3620 '

473 3702 576 3757 Orellio
594 3721 679 3772 nuper
695 3706 875 3772 impugnatam
898 3702 1063 3758 sustentandi
1087 3719 1121 3756 eo
1136 3711 1292 3772 ¹proveatur
1310 3709 1366 3766 eut,
1391 3709 1421 3754 ut
1437 3702 1491 3754 ini-

470 3805 550 3857 quum
568 3789 668 3843 dut-illo
686 3788 839 3858 apographo
867 3789 992 3842 iudicium
1016 3787 1117 3842 iaceret
1135 3791 1214 3858 eiquo
1237 3803 1328 3855 parum
1346 3788 1490 3844 auotorita-

468 3876 502 3926 tis
520 3875 658 3931 tribueret.

421 3956 467 4025 15)
484 3959 570 4011 Etiam
588 3963 615 4012 in
639 3960 698 4011 aliia
723 3959 802 4015 oodd.
827 3961 898 4011 llatiu
923 3960 950 4012 id
969 3961 1059 4012 vitium
1084 3957 1293 4026 deprehenditur.
1332 3957 1421 4010 sicin
1440 3972 1489 4008 ve-

467 4045 610 4097 tustissimo
624 4046 777 4112 optimoque
791 4044 915 4096 Martialis
935 4046 1029 4098 codice
1043 4045 1190 4110 vossiano,
1210 4059 1287 4112 quem
1301 4041 1489 4095 Schneidewi-

467 4147 516 4182 nua
534 4130 651 4186 literali.
670 4131 800 4197 signauit,
819 4131 867 4196 lv,
887 4131 935 4196 73,
953 4131 979 4188 8.
990 4134 1113 4199 scriptum
1125 4139 1165 4182 est
1194 4147 1269 4198 seque
1286 4125 1424 4198 muri'pout
1441 4129 1489 4179 lune

445 4275 449 4282 ¹
468 4216 576 4268 eredidit
591 4215 638 4266 ille
650 4231 728 4267 remex
745 4232 793 4282 pro
807 4217 881 4284 vulg.
892 4217 935 4269 ille
946 4235 1044 4281 senem
1061 4216 1126 4269 ibid.
1138 4217 1169 4279 Χ,
1183 4214 1226 4278 41,
1244 4217 1269 4268 4.
1280 4215 1352 4267 uuella
1362 4221 1431 4266 sorte
1438 4215 1488 4278 ja-

467 4311 525 4354 euut
537 4302 687 4353 candidiore
698 4318 770 4354 acuet
786 4319 835 4369 pro
848 4303 915 4354 nulli
932 4312 999 4354 sorte
1013 4311 1065 4358 eto.
1101 4301 1225 4354 Similiter
1243 4302 1270 4352 in
1286 4300 1411 4368 Prolegg.
1425 4299 1489 4352 edu.

465 4387 665 4444 Schneidewin.
688 4403 715 4453 p.
733 4387 796 4440 uix.
814 4391 850 4438 ita
873 4390 943 4456 typis
967 4405 1120 4456 expressum
1139 4395 1191 4440 est:
1208 4387 1275 4438 Sunt
1300 4404 1344 4438 eae
1369 4382 1488 4448 (scilicet

465 4472 556 4536 uotae)
583 4475 611 4525 in
640 4473 695 4524 aliu
719 4489 818 4542 quoque
841 4475 1000 4542 exemplaria
1028 4476 1194 4542 transcripta.
1229 4471 1387 4540 ¹Legendum
1416 4465 1487 4520 haud

465 4557 545 4610 dubie
563 4560 758 4628 tremueriptae.
801 4558 940 4611 Eiusmodi
967 4559 1087 4626 exempla
1105 4575 1120 4611 e
1138 4566 1202 4612 vett.
1220 4555 1318 4610 velleii
1335 4553 1409 4608 libris
1428 4553 1486 4606 col-
