<?xml version="1.0" encoding="UTF-8"?>
<!DOCTYPE html PUBLIC "-//W3C//DTD XHTML 1.0 Transitional//EN"
    "http://www.w3.org/TR/xhtml1/DTD/xhtml1-transitional.dtd">
<html xmlns="http://www.w3.org/1999/xhtml" xml:lang="en" lang="en">
 <head>
  <title>
</title>
<meta http-equiv="Content-Type" content="text/html;charset=utf-8" />
  <meta name='ocr-system' content='tesseract 3.04.00' />
  <meta name='ocr-capabilities' content='ocr_page ocr_carea ocr_par ocr_line ocrx_word'/>
</head>
<body>
  <div class='ocr_page' id='page_1' title='image "./studiacriticain00heragoog_0056.png"; bbox 0 0 3525 5500; ppageno 0'>
   <div class='ocr_carea' id='block_1_1' title="bbox 887 660 1036 752">
    <p class='ocr_par' dir='ltr' id='par_1_1' title="bbox 887 660 1036 752">
     <span class='ocr_line' id='line_1_1' title="bbox 887 660 1036 752; baseline 0 -35"><span class='ocrx_word' id='word_1_1' title='bbox 887 660 1036 752; x_wconf 41' lang='lat' dir='ltr'>A</span> 
     </span>
    </p>
   </div>
   <div class='ocr_carea' id='block_1_2' title="bbox 397 858 1600 3093">
    <p class='ocr_par' dir='ltr' id='par_1_2' title="bbox 397 858 1600 3093">
     <span class='ocr_line' id='line_1_2' title="bbox 409 858 1535 931; baseline 0 -14"><span class='ocrx_word' id='word_1_2' title='bbox 409 860 572 918; x_wconf 88' lang='lat' dir='ltr'><strong>currentium</strong></span> <span class='ocrx_word' id='word_1_3' title='bbox 588 873 665 915; x_wconf 86' lang='lat' dir='ltr'><strong>non</strong></span> <span class='ocrx_word' id='word_1_4' title='bbox 692 859 809 931; x_wconf 83' lang='lat' dir='ltr'><strong>adjutum</strong></span> <span class='ocrx_word' id='word_1_5' title='bbox 830 874 912 929; x_wconf 88' lang='lat' dir='ltr'><strong>esse,</strong></span> <span class='ocrx_word' id='word_1_6' title='bbox 936 858 1003 914; x_wconf 88' lang='lat' dir='ltr'><strong>sed</strong></span> <span class='ocrx_word' id='word_1_7' title='bbox 1030 864 1118 914; x_wconf 88' lang='lat' dir='ltr'><strong>tamen</strong></span> <span class='ocrx_word' id='word_1_8' title='bbox 1147 859 1205 929; x_wconf 83' lang='lat' dir='ltr'><strong>pari</strong></span> <span class='ocrx_word' id='word_1_9' title='bbox 1235 858 1321 915; x_wconf 82' lang='lat' dir='ltr'><strong>torona</strong></span> <span class='ocrx_word' id='word_1_10' title='bbox 1355 865 1408 915; x_wconf 85' lang='lat' dir='ltr'><strong>aut</strong></span> <span class='ocrx_word' id='word_1_11' title='bbox 1433 866 1535 917; x_wconf 79' lang='lat' dir='ltr'><strong>aetate</strong></span> 
     </span>
     <span class='ocr_line' id='line_1_3' title="bbox 408 960 1534 1035; baseline -0.001 -16"><span class='ocrx_word' id='word_1_12' title='bbox 408 961 544 1035; x_wconf 89' lang='lat' dir='ltr'><strong>deceptos</strong></span> <span class='ocrx_word' id='word_1_13' title='bbox 565 978 650 1034; x_wconf 90' lang='lat' dir='ltr'><strong>saepe</strong></span> <span class='ocrx_word' id='word_1_14' title='bbox 671 962 764 1033; x_wconf 82' lang='lat' dir='ltr'><strong>piures</strong></span> <span class='ocrx_word' id='word_1_15' title='bbox 792 962 827 1017; x_wconf 92' lang='lat' dir='ltr'><strong>de</strong></span> <span class='ocrx_word' id='word_1_16' title='bbox 849 962 948 1017; x_wconf 87' lang='lat' dir='ltr'><strong>eodem</strong></span> <span class='ocrx_word' id='word_1_17' title='bbox 972 976 1092 1033; x_wconf 84' lang='lat' dir='ltr'><strong>corpore</strong></span> <span class='ocrx_word' id='word_1_18' title='bbox 1113 960 1187 1017; x_wconf 87' lang='lat' dir='ltr'><strong>reiut</strong></span> <span class='ocrx_word' id='word_1_19' title='bbox 1214 962 1256 1017; x_wconf 83' lang='lat' dir='ltr'><strong>tui</strong></span> <span class='ocrx_word' id='word_1_20' title='bbox 1285 962 1431 1033; x_wconf 82' lang='lat' dir='ltr'><strong>cuiusque</strong></span> <span class='ocrx_word' id='word_1_21' title='bbox 1461 980 1534 1034; x_wconf 88' lang='lat' dir='ltr'><strong>pro·</strong></span> 
     </span>
     <span class='ocr_line' id='line_1_4' title="bbox 407 1044 1530 1137; baseline 0.001 -17"><span class='ocrx_word' id='word_1_22' title='bbox 407 1067 500 1137; x_wconf 91' lang='lat' dir='ltr'><strong>pinqui</strong></span> <span class='ocrx_word' id='word_1_23' title='bbox 522 1044 653 1122; x_wconf 84' lang='lat' dir='ltr'><strong>certasse.¹</strong></span> <span class='ocrx_word' id='word_1_24' title='bbox 697 1065 733 1120; x_wconf 84' lang='lat' dir='ltr'><strong>ht</strong></span> <span class='ocrx_word' id='word_1_25' title='bbox 753 1065 825 1120; x_wconf 90' lang='lat' dir='ltr'><strong>hanc</strong></span> <span class='ocrx_word' id='word_1_26' title='bbox 845 1081 902 1120; x_wconf 90' lang='lat' dir='ltr'><strong>non</strong></span> <span class='ocrx_word' id='word_1_27' title='bbox 925 1080 988 1120; x_wconf 83' lang='lat' dir='ltr'><strong>esre</strong></span> <span class='ocrx_word' id='word_1_28' title='bbox 1011 1064 1066 1121; x_wconf 90' lang='lat' dir='ltr'><strong>loci</strong></span> <span class='ocrx_word' id='word_1_29' title='bbox 1083 1064 1275 1123; x_wconf 86' lang='lat' dir='ltr'><strong>condicionem</strong></span> <span class='ocrx_word' id='word_1_30' title='bbox 1297 1064 1388 1121; x_wconf 84' lang='lat' dir='ltr'><strong>iaciie</strong></span> <span class='ocrx_word' id='word_1_31' title='bbox 1414 1073 1471 1121; x_wconf 51' lang='lat' dir='ltr'><strong>est,</strong></span> <span class='ocrx_word' id='word_1_32' title='bbox 1485 1067 1530 1121; x_wconf 87' lang='lat' dir='ltr'><strong>in-</strong></span> 
     </span>
     <span class='ocr_line' id='line_1_5' title="bbox 408 1163 1532 1239; baseline -0.001 -15"><span class='ocrx_word' id='word_1_33' title='bbox 408 1168 528 1225; x_wconf 85' lang='lat' dir='ltr'><strong>teiiectrn</strong></span> <span class='ocrx_word' id='word_1_34' title='bbox 571 1163 746 1239; x_wconf 76' lang='lat' dir='ltr'>Nequaquam</span> <span class='ocrx_word' id='word_1_35' title='bbox 768 1168 839 1223; x_wconf 89' lang='lat' dir='ltr'><strong>eninr</strong></span> <span class='ocrx_word' id='word_1_36' title='bbox 868 1167 1011 1225; x_wconf 73' lang='lat' dir='ltr'><strong>confusior</strong></span> <span class='ocrx_word' id='word_1_37' title='bbox 1033 1166 1119 1223; x_wconf 88' lang='lat' dir='ltr'><strong>iacies</strong></span> <span class='ocrx_word' id='word_1_38' title='bbox 1146 1168 1205 1239; x_wconf 86' lang='lat' dir='ltr'><strong>pari</strong></span> <span class='ocrx_word' id='word_1_39' title='bbox 1226 1168 1341 1223; x_wconf 77' lang='lat' dir='ltr'><strong>formae·</strong></span> <span class='ocrx_word' id='word_1_40' title='bbox 1359 1173 1414 1223; x_wconf 85' lang='lat' dir='ltr'><strong>aut</strong></span> <span class='ocrx_word' id='word_1_41' title='bbox 1446 1168 1532 1224; x_wconf 84' lang='lat' dir='ltr'><strong>aetati</strong></span> 
     </span>
     <span class='ocr_line' id='line_1_6' title="bbox 408 1270 1528 1343; baseline -0.001 -16"><span class='ocrx_word' id='word_1_42' title='bbox 408 1272 535 1343; x_wconf 88' lang='lat' dir='ltr'><strong>opposita</strong></span> <span class='ocrx_word' id='word_1_43' title='bbox 558 1287 622 1327; x_wconf 88' lang='lat' dir='ltr'><strong>esse</strong></span> <span class='ocrx_word' id='word_1_44' title='bbox 635 1277 737 1342; x_wconf 88' lang='lat' dir='ltr'><strong>potest.</strong></span> <span class='ocrx_word' id='word_1_45' title='bbox 756 1289 759 1298; x_wconf 89' lang='lat'>·</span> <span class='ocrx_word' id='word_1_46' title='bbox 780 1270 809 1326; x_wconf 81' lang='lat' dir='ltr'><strong>si</strong></span> <span class='ocrx_word' id='word_1_47' title='bbox 833 1286 884 1341; x_wconf 90' lang='lat' dir='ltr'><strong>qua</strong></span> <span class='ocrx_word' id='word_1_48' title='bbox 907 1271 1009 1325; x_wconf 89' lang='lat' dir='ltr'><strong>mortui</strong></span> <span class='ocrx_word' id='word_1_49' title='bbox 1026 1270 1112 1326; x_wconf 87' lang='lat' dir='ltr'><strong>iacies</strong></span> <span class='ocrx_word' id='word_1_50' title='bbox 1127 1272 1201 1327; x_wconf 87' lang='lat' dir='ltr'><strong>mole</strong></span> <span class='ocrx_word' id='word_1_51' title='bbox 1221 1270 1311 1341; x_wconf 87' lang='lat' dir='ltr'><strong>aiiqua</strong></span> <span class='ocrx_word' id='word_1_52' title='bbox 1325 1270 1427 1326; x_wconf 85' lang='lat' dir='ltr'><strong>obruti</strong></span> <span class='ocrx_word' id='word_1_53' title='bbox 1453 1286 1528 1327; x_wconf 90' lang='lat' dir='ltr'><strong>con-</strong></span> 
     </span>
     <span class='ocr_line' id='line_1_7' title="bbox 407 1372 1525 1445; baseline 0.002 -16"><span class='ocrx_word' id='word_1_54' title='bbox 407 1373 493 1429; x_wconf 85' lang='lat' dir='ltr'><strong>iusior</strong></span> <span class='ocrx_word' id='word_1_55' title='bbox 512 1374 652 1443; x_wconf 77' lang='lat' dir='ltr'>redditur,</span> <span class='ocrx_word' id='word_1_56' title='bbox 676 1372 850 1443; x_wconf 75' lang='lat' dir='ltr'><strong>investigatio</strong></span> <span class='ocrx_word' id='word_1_57' title='bbox 880 1372 939 1428; x_wconf 89' lang='lat' dir='ltr'><strong>veri</strong></span> <span class='ocrx_word' id='word_1_58' title='bbox 971 1390 1003 1429; x_wconf 89' lang='lat' dir='ltr'><strong>ea</strong></span> <span class='ocrx_word' id='word_1_59' title='bbox 1026 1372 1166 1429; x_wconf 87' lang='lat' dir='ltr'><strong>debilitate</strong></span> <span class='ocrx_word' id='word_1_60' title='bbox 1187 1373 1302 1445; x_wconf 81' lang='lat' dir='ltr'><strong>perinde</strong></span> <span class='ocrx_word' id='word_1_61' title='bbox 1323 1385 1371 1427; x_wconf 85' lang='lat' dir='ltr'><strong>ae¹</strong></span> <span class='ocrx_word' id='word_1_62' title='bbox 1387 1372 1525 1431; x_wconf 83' lang='lat' dir='ltr'><strong>similita-</strong></span> 
     </span>
     <span class='ocr_line' id='line_1_8' title="bbox 407 1475 1528 1547; baseline -0.001 -15"><span class='ocrx_word' id='word_1_63' title='bbox 407 1476 470 1533; x_wconf 82' lang='lat' dir='ltr'>dine</span> <span class='ocrx_word' id='word_1_64' title='bbox 496 1476 601 1533; x_wconf 87' lang='lat' dir='ltr'><strong>iormae</strong></span> <span class='ocrx_word' id='word_1_65' title='bbox 629 1484 676 1532; x_wconf 88' lang='lat' dir='ltr'><strong>ant</strong></span> <span class='ocrx_word' id='word_1_66' title='bbox 697 1476 793 1531; x_wconf 89' lang='lat' dir='ltr'><strong>aetatis</strong></span> <span class='ocrx_word' id='word_1_67' title='bbox 822 1477 980 1547; x_wconf 79' lang='lat' dir='ltr'><strong>impeditur:</strong></span> <span class='ocrx_word' id='word_1_68' title='bbox 1009 1477 1100 1547; x_wconf 91' lang='lat' dir='ltr'><strong>itaque</strong></span> <span class='ocrx_word' id='word_1_69' title='bbox 1123 1476 1230 1531; x_wconf 89' lang='lat' dir='ltr'><strong>etiam</strong></span> <span class='ocrx_word' id='word_1_70' title='bbox 1260 1475 1421 1532; x_wconf 73' lang='lat' dir='ltr'><strong>confusior.</strong></span> <span class='ocrx_word' id='word_1_71' title='bbox 1438 1476 1528 1533; x_wconf 85' lang='lat' dir='ltr'><strong>iacies</strong></span> 
     </span>
     <span class='ocr_line' id='line_1_9' title="bbox 407 1563 1528 1651; baseline 0.001 -17"><span class='ocrx_word' id='word_1_72' title='bbox 407 1580 550 1650; x_wconf 75' lang='lat' dir='ltr'><strong>agnituros</strong></span> <span class='ocrx_word' id='word_1_73' title='bbox 572 1581 601 1635; x_wconf 92' lang='lat' dir='ltr'><strong>in</strong></span> <span class='ocrx_word' id='word_1_74' title='bbox 622 1563 743 1636; x_wconf 81' lang='lat' dir='ltr'><strong>errorem</strong></span> <span class='ocrx_word' id='word_1_75' title='bbox 759 1579 840 1635; x_wconf 85' lang='lat' dir='ltr'><strong>isciie</strong></span> <span class='ocrx_word' id='word_1_76' title='bbox 862 1579 973 1636; x_wconf 87' lang='lat' dir='ltr'><strong>inducit.</strong></span> <span class='ocrx_word' id='word_1_77' title='bbox 1018 1578 1127 1635; x_wconf 82' lang='lat' dir='ltr'><strong>Tacitus</strong></span> <span class='ocrx_word' id='word_1_78' title='bbox 1149 1579 1232 1649; x_wconf 80' lang='lat' dir='ltr'><strong>igitur</strong></span> <span class='ocrx_word' id='word_1_79' title='bbox 1253 1578 1281 1632; x_wconf 93' lang='lat' dir='ltr'><strong>id</strong></span> <span class='ocrx_word' id='word_1_80' title='bbox 1303 1578 1404 1651; x_wconf 77' lang='lat' dir='ltr'><strong>potius</strong></span> <span class='ocrx_word' id='word_1_81' title='bbox 1430 1580 1528 1635; x_wconf 83' lang='lat' dir='ltr'><strong>dicere</strong></span> 
     </span>
     <span class='ocr_line' id='line_1_10' title="bbox 405 1665 1526 1753; baseline 0.002 -18"><span class='ocrx_word' id='word_1_82' title='bbox 405 1665 468 1737; x_wconf 78' lang='lat' dir='ltr'><strong>mihi</strong></span> <span class='ocrx_word' id='word_1_83' title='bbox 489 1682 614 1752; x_wconf 85' lang='lat' dir='ltr'><strong>videtur,</strong></span> <span class='ocrx_word' id='word_1_84' title='bbox 646 1682 743 1738; x_wconf 76' lang='lat' dir='ltr'><strong>faeiem</strong></span> <span class='ocrx_word' id='word_1_85' title='bbox 773 1681 910 1737; x_wconf 85' lang='lat' dir='ltr'><strong>homiuum</strong></span> <span class='ocrx_word' id='word_1_86' title='bbox 940 1682 1015 1737; x_wconf 88' lang='lat' dir='ltr'><strong>ruina</strong></span> <span class='ocrx_word' id='word_1_87' title='bbox 1038 1681 1227 1753; x_wconf 73' lang='lat' dir='ltr'><strong>amphitheatri</strong></span> <span class='ocrx_word' id='word_1_88' title='bbox 1256 1681 1425 1737; x_wconf 83' lang='lat' dir='ltr'><strong>obrutorum</strong></span> <span class='ocrx_word' id='word_1_89' title='bbox 1451 1698 1526 1739; x_wconf 89' lang='lat' dir='ltr'><strong>con-</strong></span> 
     </span>
     <span class='ocr_line' id='line_1_11' title="bbox 404 1784 1525 1857; baseline 0.001 -17"><span class='ocrx_word' id='word_1_90' title='bbox 404 1784 535 1841; x_wconf 90' lang='lat' dir='ltr'><strong>iusiorem</strong></span> <span class='ocrx_word' id='word_1_91' title='bbox 557 1786 658 1854; x_wconf 88' lang='lat' dir='ltr'><strong>inisse,</strong></span> <span class='ocrx_word' id='word_1_92' title='bbox 682 1800 760 1856; x_wconf 84' lang='lat' dir='ltr'><strong>quam</strong></span> <span class='ocrx_word' id='word_1_93' title='bbox 787 1791 817 1839; x_wconf 93' lang='lat' dir='ltr'><strong>ut</strong></span> <span class='ocrx_word' id='word_1_94' title='bbox 839 1785 956 1839; x_wconf 82' lang='lat' dir='ltr'><strong>exanimi</strong></span> <span class='ocrx_word' id='word_1_95' title='bbox 983 1792 1134 1856; x_wconf 89' lang='lat' dir='ltr'><strong>procerte</strong></span> <span class='ocrx_word' id='word_1_96' title='bbox 1158 1784 1279 1855; x_wconf 81' lang='lat' dir='ltr'><strong>agnosci·</strong></span> <span class='ocrx_word' id='word_1_97' title='bbox 1297 1786 1464 1857; x_wconf 81' lang='lat' dir='ltr'><strong>potuerirtt,</strong></span> <span class='ocrx_word' id='word_1_98' title='bbox 1490 1792 1525 1842; x_wconf 90' lang='lat' dir='ltr'><strong>et</strong></span> 
     </span>
     <span class='ocr_line' id='line_1_12' title="bbox 404 1888 1523 1959; baseline 0.003 -17"><span class='ocrx_word' id='word_1_99' title='bbox 404 1902 498 1959; x_wconf 86' lang='lat' dir='ltr'><strong>parem</strong></span> <span class='ocrx_word' id='word_1_100' title='bbox 520 1888 633 1943; x_wconf 87' lang='lat' dir='ltr'><strong>iormam</strong></span> <span class='ocrx_word' id='word_1_101' title='bbox 655 1894 701 1943; x_wconf 89' lang='lat' dir='ltr'><strong>aut</strong></span> <span class='ocrx_word' id='word_1_102' title='bbox 721 1894 838 1944; x_wconf 89' lang='lat' dir='ltr'><strong>aetatem</strong></span> <span class='ocrx_word' id='word_1_103' title='bbox 861 1888 1026 1944; x_wconf 86' lang='lat' dir='ltr'><strong>necessariis</strong></span> <span class='ocrx_word' id='word_1_104' title='bbox 1049 1891 1094 1943; x_wconf 87' lang='lat' dir='ltr'><strong>auit</strong></span> <span class='ocrx_word' id='word_1_105' title='bbox 1109 1888 1200 1943; x_wconf 89' lang='lat' dir='ltr'><strong>amieis</strong></span> <span class='ocrx_word' id='word_1_106' title='bbox 1223 1900 1307 1959; x_wconf 87' lang='lat' dir='ltr'><strong>saepe</strong></span> <span class='ocrx_word' id='word_1_107' title='bbox 1329 1888 1523 1959; x_wconf 83' lang='lat' dir='ltr'><strong>imposuisse,-</strong></span> 
     </span>
     <span class='ocr_line' id='line_1_13' title="bbox 404 1989 1518 2062; baseline 0.001 -17"><span class='ocrx_word' id='word_1_108' title='bbox 404 1996 435 2045; x_wconf 88' lang='lat' dir='ltr'><strong>ut</strong></span> <span class='ocrx_word' id='word_1_109' title='bbox 454 1991 482 2045; x_wconf 92' lang='lat' dir='ltr'><strong>iu</strong></span> <span class='ocrx_word' id='word_1_110' title='bbox 503 1989 576 2045; x_wconf 90' lang='lat' dir='ltr'><strong>idem</strong></span> <span class='ocrx_word' id='word_1_111' title='bbox 599 1990 717 2046; x_wconf 85' lang='lat' dir='ltr'><strong>cadaver</strong></span> <span class='ocrx_word' id='word_1_112' title='bbox 738 1990 890 2046; x_wconf 79' lang='lat' dir='ltr'><strong>incidentes</strong></span> <span class='ocrx_word' id='word_1_113' title='bbox 912 1990 957 2045; x_wconf 92' lang='lat' dir='ltr'><strong>aiii</strong></span> <span class='ocrx_word' id='word_1_114' title='bbox 980 1991 1051 2046; x_wconf 88' lang='lat' dir='ltr'><strong>aiiad</strong></span> <span class='ocrx_word' id='word_1_115' title='bbox 1074 2006 1174 2062; x_wconf 88' lang='lat' dir='ltr'><strong>corpus</strong></span> <span class='ocrx_word' id='word_1_116' title='bbox 1197 1996 1358 2061; x_wconf 77' lang='lat' dir='ltr'><strong>agnoscere</strong></span> <span class='ocrx_word' id='word_1_117' title='bbox 1383 1992 1441 2047; x_wconf 89' lang='lat' dir='ltr'><strong>sihi</strong></span> <span class='ocrx_word' id='word_1_118' title='bbox 1464 1992 1518 2048; x_wconf 78' lang='lat' dir='ltr'><strong>visi</strong></span> 
     </span>
     <span class='ocr_line' id='line_1_14' title="bbox 403 2091 1515 2165; baseline 0.003 -17"><span class='ocrx_word' id='word_1_119' title='bbox 403 2091 464 2149; x_wconf 88' lang='lat' dir='ltr'><strong>sint.</strong></span> <span class='ocrx_word' id='word_1_120' title='bbox 507 2092 643 2148; x_wconf 86' lang='lat' dir='ltr'><strong>Simiiiima</strong></span> <span class='ocrx_word' id='word_1_121' title='bbox 666 2108 702 2148; x_wconf 86' lang='lat' dir='ltr'><strong>ex</strong></span> <span class='ocrx_word' id='word_1_122' title='bbox 724 2093 915 2149; x_wconf 91' lang='lat' dir='ltr'><strong>emendatione</strong></span> <span class='ocrx_word' id='word_1_123' title='bbox 930 2093 1065 2149; x_wconf 87' lang='lat' dir='ltr'><strong>Piohenae</strong></span> <span class='ocrx_word' id='word_1_124' title='bbox 1087 2093 1119 2149; x_wconf 89' lang='grc' dir='ltr'><strong>Α.</strong></span> <span class='ocrx_word' id='word_1_125' title='bbox 1141 2093 1182 2164; x_wconf 84' lang='grc' dir='ltr'><strong>ΙΙ,</strong></span> <span class='ocrx_word' id='word_1_126' title='bbox 1207 2093 1266 2163; x_wconf 79' lang='lat'><strong>56,</strong></span> <span class='ocrx_word' id='word_1_127' title='bbox 1290 2098 1431 2165; x_wconf 83' lang='lat' dir='ltr'><strong>utsupra</strong></span> <span class='ocrx_word' id='word_1_128' title='bbox 1454 2102 1515 2151; x_wconf 87' lang='lat' dir='ltr'><strong>ret·</strong></span> 
     </span>
     <span class='ocr_line' id='line_1_15' title="bbox 404 2194 1520 2269; baseline 0.001 -19"><span class='ocrx_word' id='word_1_129' title='bbox 404 2194 625 2268; x_wconf 76' lang='lat' dir='ltr'><strong>tuii,.amdipoo</strong></span> <span class='ocrx_word' id='word_1_130' title='bbox 645 2214 714 2269; x_wconf 82' lang='lat' dir='ltr'><strong>pens</strong></span> <span class='ocrx_word' id='word_1_131' title='bbox 730 2214 767 2253; x_wconf 87' lang='lat' dir='ltr'><strong>ec</strong></span> <span class='ocrx_word' id='word_1_132' title='bbox 782 2198 938 2268; x_wconf 80' lang='lat' dir='ltr'><strong>antiquitus</strong></span> <span class='ocrx_word' id='word_1_133' title='bbox 959 2196 1101 2253; x_wconf 83' lang='lat' dir='ltr'><strong>hominum</strong></span> <span class='ocrx_word' id='word_1_134' title='bbox 1121 2196 1244 2268; x_wconf 71' lang='lat' dir='ltr'><strong>tepentis</strong></span> <span class='ocrx_word' id='word_1_135' title='bbox 1266 2203 1301 2251; x_wconf 92' lang='lat' dir='ltr'><strong>et</strong></span> <span class='ocrx_word' id='word_1_136' title='bbox 1323 2197 1386 2252; x_wconf 78' lang='lat' dir='ltr'><strong>sitta</strong></span> <span class='ocrx_word' id='word_1_137' title='bbox 1409 2200 1520 2253; x_wconf 83' lang='lat' dir='ltr'><strong>terra-</strong></span> 
     </span>
     <span class='ocr_line' id='line_1_16' title="bbox 402 2298 1515 2372; baseline -0.001 -19"><span class='ocrx_word' id='word_1_138' title='bbox 402 2314 467 2353; x_wconf 85' lang='lat' dir='ltr'><strong>rum</strong></span> <span class='ocrx_word' id='word_1_139' title='bbox 486 2300 612 2372; x_wconf 79' lang='lat' dir='ltr'><strong>vuigatur</strong></span> <span class='ocrx_word' id='word_1_140' title='bbox 633 2316 684 2371; x_wconf 90' lang='lat' dir='ltr'><strong>pro</strong></span> <span class='ocrx_word' id='word_1_141' title='bbox 706 2301 839 2372; x_wconf 90' lang='lat' dir='ltr'><strong>scriptura</strong></span> <span class='ocrx_word' id='word_1_142' title='bbox 863 2299 968 2355; x_wconf 90' lang='lat' dir='ltr'><strong>codicis</strong></span> <span class='ocrx_word' id='word_1_143' title='bbox 997 2301 1118 2370; x_wconf 73' lang='lat' dir='ltr'><strong>inperitis</strong></span> <span class='ocrx_word' id='word_1_144' title='bbox 1138 2300 1205 2354; x_wconf 86' lang='lat' dir='ltr'><strong>sed</strong></span> <span class='ocrx_word' id='word_1_145' title='bbox 1226 2300 1283 2353; x_wconf 82' lang='lat' dir='ltr'><strong>ritu</strong></span> <span class='ocrx_word' id='word_1_146' title='bbox 1309 2306 1327 2353; x_wconf 90' lang='lat' dir='ltr'><strong>t.</strong></span> <span class='ocrx_word' id='word_1_147' title='bbox 1376 2298 1515 2356; x_wconf 74' lang='lat' dir='ltr'><strong>Ueterum</strong></span> 
     </span>
     <span class='ocr_line' id='line_1_17' title="bbox 403 2400 1518 2473; baseline 0 -18"><span class='ocrx_word' id='word_1_148' title='bbox 403 2406 516 2472; x_wconf 86' lang='lat' dir='ltr'><strong>utraque</strong></span> <span class='ocrx_word' id='word_1_149' title='bbox 538 2403 678 2473; x_wconf 86' lang='lat' dir='ltr'><strong>corruptio</strong></span> <span class='ocrx_word' id='word_1_150' title='bbox 701 2416 737 2457; x_wconf 90' lang='lat' dir='ltr'><strong>eo</strong></span> <span class='ocrx_word' id='word_1_151' title='bbox 759 2402 865 2457; x_wconf 76' lang='lat' dir='ltr'><strong>facilius</strong></span> <span class='ocrx_word' id='word_1_152' title='bbox 896 2402 1086 2473; x_wconf 87' lang='lat' dir='ltr'><strong>oriripotuit,</strong></span> <span class='ocrx_word' id='word_1_153' title='bbox 1110 2418 1166 2473; x_wconf 88' lang='lat' dir='ltr'><strong>quo</strong></span> <span class='ocrx_word' id='word_1_154' title='bbox 1187 2400 1358 2457; x_wconf 85' lang='lat' dir='ltr'><strong>verisimilius</strong></span> <span class='ocrx_word' id='word_1_155' title='bbox 1392 2410 1449 2473; x_wconf 89' lang='lat' dir='ltr'><strong>est,</strong></span> <span class='ocrx_word' id='word_1_156' title='bbox 1481 2402 1518 2456; x_wconf 89' lang='lat' dir='ltr'><strong>ti-</strong></span> 
     </span>
     <span class='ocr_line' id='line_1_18' title="bbox 401 2499 1518 2576; baseline 0.001 -18"><span class='ocrx_word' id='word_1_157' title='bbox 401 2503 518 2558; x_wconf 89' lang='lat' dir='ltr'><strong>brarium</strong></span> <span class='ocrx_word' id='word_1_158' title='bbox 533 2504 674 2575; x_wconf 79' lang='lat' dir='ltr'><strong>archetypi</strong></span> <span class='ocrx_word' id='word_1_159' title='bbox 699 2499 755 2571; x_wconf 79' lang='lat'><strong>²⁸)</strong></span> <span class='ocrx_word' id='word_1_160' title='bbox 777 2503 863 2560; x_wconf 80' lang='lat' dir='ltr'><strong>torma</strong></span> <span class='ocrx_word' id='word_1_161' title='bbox 878 2512 1009 2559; x_wconf 81' lang='lat' dir='ltr'><strong>retusum</strong></span> <span class='ocrx_word' id='word_1_162' title='bbox 1023 2505 1108 2561; x_wconf 81' lang='lat' dir='ltr'><strong>tuisse</strong></span> <span class='ocrx_word' id='word_1_163' title='bbox 1133 2499 1217 2570; x_wconf 77' lang='lat'><strong>²⁸¹).</strong></span> <span class='ocrx_word' id='word_1_164' title='bbox 1259 2504 1299 2559; x_wconf 83' lang='lat' dir='ltr'><strong>lta</strong></span> <span class='ocrx_word' id='word_1_165' title='bbox 1321 2503 1356 2559; x_wconf 85' lang='grc' dir='ltr'><strong>Α.</strong></span> <span class='ocrx_word' id='word_1_166' title='bbox 1381 2505 1440 2576; x_wconf 88' lang='lat' dir='ltr'><strong>iV,</strong></span> <span class='ocrx_word' id='word_1_167' title='bbox 1465 2502 1518 2559; x_wconf 78' lang='lat'><strong>53.</strong></span> 
     </span>
     <span class='ocr_line' id='line_1_19' title="bbox 402 2605 1600 2680; baseline 0.001 -18"><span class='ocrx_word' id='word_1_168' title='bbox 402 2606 486 2663; x_wconf 88' lang='lat' dir='ltr'><strong>lectio</strong></span> <span class='ocrx_word' id='word_1_169' title='bbox 500 2608 565 2664; x_wconf 85' lang='lat' dir='ltr'><strong>cod.</strong></span> <span class='ocrx_word' id='word_1_170' title='bbox 588 2605 725 2667; x_wconf 64' lang='lat' dir='ltr'><strong>censuere</strong></span> <span class='ocrx_word' id='word_1_171' title='bbox 738 2614 854 2680; x_wconf 85' lang='lat' dir='ltr'><strong>patres,</strong></span> <span class='ocrx_word' id='word_1_172' title='bbox 877 2615 914 2664; x_wconf 88' lang='lat' dir='ltr'><strong>et</strong></span> <span class='ocrx_word' id='word_1_173' title='bbox 934 2615 1101 2663; x_wconf 70' lang='lat' dir='ltr'><strong>manseram</strong></span> <span class='ocrx_word' id='word_1_174' title='bbox 1116 2614 1178 2663; x_wconf 83' lang='lat' dir='ltr'><strong>etc.</strong></span> <span class='ocrx_word' id='word_1_175' title='bbox 1202 2610 1262 2661; x_wconf 88' lang='lat' dir='ltr'><strong>orta</strong></span> <span class='ocrx_word' id='word_1_176' title='bbox 1280 2612 1322 2661; x_wconf 85' lang='lat' dir='ltr'><strong>est</strong></span> <span class='ocrx_word' id='word_1_177' title='bbox 1345 2620 1384 2663; x_wconf 84' lang='lat' dir='ltr'><strong>ex</strong></span> <span class='ocrx_word' id='word_1_178' title='bbox 1408 2608 1514 2663; x_wconf 82' lang='lat' dir='ltr'><strong>aretre-</strong></span> <span class='ocrx_word' id='word_1_179' title='bbox 1599 2640 1600 2647; x_wconf 31' lang='grc' dir='ltr'>ι</span> 
     </span>
     <span class='ocr_line' id='line_1_20' title="bbox 402 2706 1515 2785; baseline -0.001 -19"><span class='ocrx_word' id='word_1_180' title='bbox 402 2711 460 2784; x_wconf 75' lang='lat' dir='ltr'><strong>typi</strong></span> <span class='ocrx_word' id='word_1_181' title='bbox 489 2711 622 2783; x_wconf 89' lang='lat' dir='ltr'><strong>scriptura</strong></span> <span class='ocrx_word' id='word_1_182' title='bbox 654 2728 678 2767; x_wconf 90' lang='lat' dir='ltr'><strong>e.</strong></span> <span class='ocrx_word' id='word_1_183' title='bbox 702 2719 821 2785; x_wconf 83' lang='lat' dir='ltr'><strong>patras,</strong></span> <span class='ocrx_word' id='word_1_184' title='bbox 842 2719 900 2768; x_wconf 86' lang='lat' dir='ltr'><strong>set</strong></span> <span class='ocrx_word' id='word_1_185' title='bbox 927 2726 962 2768; x_wconf 84' lang='lat' dir='ltr'><strong>m.</strong></span> <span class='ocrx_word' id='word_1_186' title='bbox 993 2717 1045 2767; x_wconf 86' lang='lat' dir='ltr'><strong>etc.</strong></span> <span class='ocrx_word' id='word_1_187' title='bbox 1095 2709 1128 2766; x_wconf 88' lang='grc' dir='ltr'><strong>Α.</strong></span> <span class='ocrx_word' id='word_1_188' title='bbox 1158 2709 1230 2782; x_wconf 80' lang='lat' dir='ltr'><strong>xit,</strong></span> <span class='ocrx_word' id='word_1_189' title='bbox 1252 2706 1303 2764; x_wconf 73' lang='grc'><strong>61.</strong></span> <span class='ocrx_word' id='word_1_190' title='bbox 1330 2708 1422 2768; x_wconf 80' lang='lat' dir='ltr'><strong>laeuo</strong></span> <span class='ocrx_word' id='word_1_191' title='bbox 1450 2709 1515 2767; x_wconf 74' lang='lat' dir='ltr'><strong>cod.</strong></span> 
     </span>
     <span class='ocr_line' id='line_1_21' title="bbox 401 2814 1514 2887; baseline -0.001 -18"><span class='ocrx_word' id='word_1_192' title='bbox 401 2815 452 2870; x_wconf 88' lang='lat' dir='ltr'><strong>hia.</strong></span> <span class='ocrx_word' id='word_1_193' title='bbox 464 2817 605 2887; x_wconf 81' lang='lat' dir='ltr'><strong>potuisset</strong></span> <span class='ocrx_word' id='word_1_194' title='bbox 627 2815 810 2871; x_wconf 75' lang='lat' dir='ltr'><strong>tradidisset</strong></span> <span class='ocrx_word' id='word_1_195' title='bbox 831 2831 868 2871; x_wconf 86' lang='lat' dir='ltr'><strong>ex</strong></span> <span class='ocrx_word' id='word_1_196' title='bbox 888 2814 1030 2886; x_wconf 70' lang='lat' dir='ltr'><strong>archetypi</strong></span> <span class='ocrx_word' id='word_1_197' title='bbox 1052 2814 1185 2885; x_wconf 80' lang='lat' dir='ltr'><strong>scriptura</strong></span> <span class='ocrx_word' id='word_1_198' title='bbox 1203 2814 1346 2886; x_wconf 80' lang='lat' dir='ltr'><strong>&#39;potuisset</strong></span> <span class='ocrx_word' id='word_1_199' title='bbox 1363 2815 1514 2870; x_wconf 71' lang='lat' dir='ltr'><strong>tradiset</strong></span> 
     </span>
     <span class='ocr_line' id='line_1_22' title="bbox 402 2915 1511 2994; baseline 0 -22"><span class='ocrx_word' id='word_1_200' title='bbox 402 2918 536 2988; x_wconf 80' lang='lat' dir='ltr'><strong>originem</strong></span> <span class='ocrx_word' id='word_1_201' title='bbox 556 2918 668 2994; x_wconf 20' lang='lat' dir='ltr'><strong>traxit..</strong></span> <span class='ocrx_word' id='word_1_202' title='bbox 691 2917 725 2974; x_wconf 83' lang='lat' dir='ltr'><strong>tt.</strong></span> <span class='ocrx_word' id='word_1_203' title='bbox 747 2917 777 2989; x_wconf 90' lang='lat'><strong>1,</strong></span> <span class='ocrx_word' id='word_1_204' title='bbox 800 2919 829 2975; x_wconf 80' lang='lat'><strong>5.</strong></span> <span class='ocrx_word' id='word_1_205' title='bbox 851 2915 937 2974; x_wconf 90' lang='lat' dir='ltr'><strong>iectio</strong></span> <span class='ocrx_word' id='word_1_206' title='bbox 960 2918 1041 2974; x_wconf 92' lang='lat' dir='ltr'><strong>codd.</strong></span> <span class='ocrx_word' id='word_1_207' title='bbox 1064 2919 1195 2973; x_wconf 86' lang='lat' dir='ltr'><strong>historum</strong></span> <span class='ocrx_word' id='word_1_208' title='bbox 1217 2923 1249 2972; x_wconf 90' lang='lat' dir='ltr'><strong>et·</strong></span> <span class='ocrx_word' id='word_1_209' title='bbox 1265 2917 1329 2979; x_wconf 73' lang='lat' dir='ltr'><strong>edd.</strong></span> <span class='ocrx_word' id='word_1_210' title='bbox 1350 2921 1421 2977; x_wconf 79' lang='lat' dir='ltr'><strong>vett.</strong></span> <span class='ocrx_word' id='word_1_211' title='bbox 1454 2933 1511 2988; x_wconf 86' lang='lat' dir='ltr'><strong>op-</strong></span> 
     </span>
     <span class='ocr_line' id='line_1_23' title="bbox 397 3020 1511 3093; baseline -0.002 -19"><span class='ocrx_word' id='word_1_212' title='bbox 397 3035 534 3092; x_wconf 78' lang='lat' dir='ltr'><strong>pressus.-</strong></span> <span class='ocrx_word' id='word_1_213' title='bbox 567 3027 603 3075; x_wconf 89' lang='lat' dir='ltr'><strong>et</strong></span> <span class='ocrx_word' id='word_1_214' title='bbox 638 3021 767 3092; x_wconf 84' lang='lat' dir='ltr'><strong>pucmoia</strong></span> <span class='ocrx_word' id='word_1_215' title='bbox 795 3026 856 3075; x_wconf 86' lang='lat' dir='ltr'><strong>orta</strong></span> <span class='ocrx_word' id='word_1_216' title='bbox 887 3033 923 3076; x_wconf 83' lang='lat' dir='ltr'><strong>ex</strong></span> <span class='ocrx_word' id='word_1_217' title='bbox 945 3021 1078 3092; x_wconf 86' lang='lat' dir='ltr'><strong>scriptura</strong></span> <span class='ocrx_word' id='word_1_218' title='bbox 1108 3027 1344 3093; x_wconf 80' lang='lat' dir='ltr'><strong>oppresscsrset·</strong></span> <span class='ocrx_word' id='word_1_219' title='bbox 1368 3020 1511 3092; x_wconf 77' lang='lat' dir='ltr'><strong>pecarnis.</strong></span> 
     </span>
    </p>
   </div>
   <div class='ocr_carea' id='block_1_3' title="bbox 399 3282 1511 4632">
    <p class='ocr_par' dir='ltr' id='par_1_3' title="bbox 424 3282 1511 4384">
     <span class='ocr_line' id='line_1_24' title="bbox 424 3282 1511 3352; baseline -0.007 -11"><span class='ocrx_word' id='word_1_220' title='bbox 424 3282 472 3350; x_wconf 74' lang='lat'><strong>28)</strong></span> <span class='ocrx_word' id='word_1_221' title='bbox 490 3284 595 3337; x_wconf 85' lang='lat' dir='ltr'><strong>Etenim</strong></span> <span class='ocrx_word' id='word_1_222' title='bbox 614 3286 640 3336; x_wconf 93' lang='lat' dir='ltr'><strong>in</strong></span> <span class='ocrx_word' id='word_1_223' title='bbox 661 3292 790 3352; x_wconf 91' lang='lat' dir='ltr'><strong>scriptura</strong></span> <span class='ocrx_word' id='word_1_224' title='bbox 809 3285 887 3339; x_wconf 83' lang='lat' dir='ltr'><strong>codd.</strong></span> <span class='ocrx_word' id='word_1_225' title='bbox 905 3283 1082 3338; x_wconf 83' lang='lat' dir='ltr'><strong>Medieeorum</strong></span> <span class='ocrx_word' id='word_1_226' title='bbox 1102 3286 1215 3352; x_wconf 87' lang='lat' dir='ltr'><strong>vestigia</strong></span> <span class='ocrx_word' id='word_1_227' title='bbox 1234 3285 1289 3350; x_wconf 86' lang='lat' dir='ltr'><strong>ejus</strong></span> <span class='ocrx_word' id='word_1_228' title='bbox 1308 3282 1446 3338; x_wconf 88' lang='lat' dir='ltr'><strong>scribendi</strong></span> <span class='ocrx_word' id='word_1_229' title='bbox 1465 3297 1511 3334; x_wconf 89' lang='lat' dir='ltr'><strong>ra-</strong></span> 
     </span>
     <span class='ocr_line' id='line_1_25' title="bbox 490 3361 1509 3441; baseline -0.005 -19"><span class='ocrx_word' id='word_1_230' title='bbox 490 3373 587 3435; x_wconf 79' lang='lat' dir='ltr'><strong>tionis,</strong></span> <span class='ocrx_word' id='word_1_231' title='bbox 606 3387 657 3441; x_wconf 89' lang='lat' dir='ltr'><strong>qua</strong></span> <span class='ocrx_word' id='word_1_232' title='bbox 676 3370 816 3423; x_wconf 84' lang='lat' dir='ltr'><strong>Tacitus</strong></span> <span class='ocrx_word' id='word_1_233' title='bbox 835 3373 892 3438; x_wconf 91' lang='lat' dir='ltr'><strong>ipse</strong></span> <span class='ocrx_word' id='word_1_234' title='bbox 919 3371 1060 3440; x_wconf 89' lang='lat' dir='ltr'><strong>antiquitus</strong></span> <span class='ocrx_word' id='word_1_235' title='bbox 1085 3388 1146 3422; x_wconf 92' lang='lat' dir='ltr'><strong>usus</strong></span> <span class='ocrx_word' id='word_1_236' title='bbox 1164 3369 1258 3436; x_wconf 73' lang='lat' dir='ltr'><strong>iuer-it,</strong></span> <span class='ocrx_word' id='word_1_237' title='bbox 1283 3369 1420 3438; x_wconf 85' lang='lat' dir='ltr'><strong>hodieque</strong></span> <span class='ocrx_word' id='word_1_238' title='bbox 1440 3361 1509 3421; x_wconf 65' lang='lat' dir='ltr'><strong>conss</strong></span> 
     </span>
     <span class='ocr_line' id='line_1_26' title="bbox 489 3452 1509 3526; baseline -0.006 -18"><span class='ocrx_word' id='word_1_239' title='bbox 489 3459 581 3524; x_wconf 88' lang='lat' dir='ltr'><strong>spieua</strong></span> <span class='ocrx_word' id='word_1_240' title='bbox 601 3475 661 3509; x_wconf 89' lang='lat' dir='ltr'><strong>esse</strong></span> <span class='ocrx_word' id='word_1_241' title='bbox 680 3483 711 3492; x_wconf 90' lang='lat'><em>-</em></span> <span class='ocrx_word' id='word_1_242' title='bbox 731 3457 758 3508; x_wconf 91' lang='lat' dir='ltr'><strong>id</strong></span> <span class='ocrx_word' id='word_1_243' title='bbox 777 3453 848 3526; x_wconf 87' lang='lat' dir='ltr'><strong>quod</strong></span> <span class='ocrx_word' id='word_1_244' title='bbox 862 3452 975 3510; x_wconf 87' lang='lat' dir='ltr'><strong>Bachius</strong></span> <span class='ocrx_word' id='word_1_245' title='bbox 995 3457 1115 3523; x_wconf 89' lang='lat' dir='ltr'><strong>opinatus</strong></span> <span class='ocrx_word' id='word_1_246' title='bbox 1135 3463 1225 3506; x_wconf 89' lang='lat' dir='ltr'><strong>est-</strong></span> <span class='ocrx_word' id='word_1_247' title='bbox 1244 3455 1306 3508; x_wconf 90' lang='lat' dir='ltr'><strong>mihi</strong></span> <span class='ocrx_word' id='word_1_248' title='bbox 1326 3453 1435 3522; x_wconf 88' lang='lat' dir='ltr'><strong>quidem</strong></span> <span class='ocrx_word' id='word_1_249' title='bbox 1454 3467 1509 3504; x_wconf 89' lang='lat' dir='ltr'><strong>non</strong></span> 
     </span>
     <span class='ocr_line' id='line_1_27' title="bbox 487 3532 1506 3611; baseline -0.004 -18"><span class='ocrx_word' id='word_1_250' title='bbox 487 3532 528 3593; x_wconf 85' lang='lat' dir='ltr'><strong>est</strong></span> <span class='ocrx_word' id='word_1_251' title='bbox 552 3559 717 3609; x_wconf 84' lang='lat' dir='ltr'><strong>persuasum.</strong></span> <span class='ocrx_word' id='word_1_252' title='bbox 759 3543 852 3611; x_wconf 86' lang='lat' dir='ltr'><strong>Neque</strong></span> <span class='ocrx_word' id='word_1_253' title='bbox 878 3547 948 3594; x_wconf 90' lang='lat' dir='ltr'><strong>enim</strong></span> <span class='ocrx_word' id='word_1_254' title='bbox 973 3540 1132 3595; x_wconf 84' lang='lat' dir='ltr'><strong>crediderim</strong></span> <span class='ocrx_word' id='word_1_255' title='bbox 1157 3555 1215 3593; x_wconf 85' lang='lat' dir='ltr'><strong>curn</strong></span> <span class='ocrx_word' id='word_1_256' title='bbox 1237 3545 1343 3593; x_wconf 85' lang='lat' dir='ltr'><strong>veteres</strong></span> <span class='ocrx_word' id='word_1_257' title='bbox 1369 3539 1506 3600; x_wconf 82' lang='lat' dir='ltr'><strong>librarios,</strong></span> 
     </span>
     <span class='ocr_line' id='line_1_28' title="bbox 486 3624 1508 3697; baseline -0.004 -19"><span class='ocrx_word' id='word_1_258' title='bbox 486 3630 530 3694; x_wconf 91' lang='lat' dir='ltr'><strong>qui</strong></span> <span class='ocrx_word' id='word_1_259' title='bbox 548 3627 641 3680; x_wconf 88' lang='lat' dir='ltr'><strong>librum</strong></span> <span class='ocrx_word' id='word_1_260' title='bbox 653 3629 768 3697; x_wconf 88' lang='lat' dir='ltr'><strong>aliquem</strong></span> <span class='ocrx_word' id='word_1_261' title='bbox 785 3631 812 3680; x_wconf 94' lang='lat' dir='ltr'><strong>in</strong></span> <span class='ocrx_word' id='word_1_262' title='bbox 827 3631 910 3694; x_wconf 88' lang='lat' dir='ltr'><strong>prima</strong></span> <span class='ocrx_word' id='word_1_263' title='bbox 920 3629 1081 3695; x_wconf 86' lang='lat' dir='ltr'><strong>exemplaria</strong></span> <span class='ocrx_word' id='word_1_264' title='bbox 1091 3629 1165 3680; x_wconf 87' lang='lat' dir='ltr'><strong>iussu</strong></span> <span class='ocrx_word' id='word_1_265' title='bbox 1175 3629 1257 3694; x_wconf 86' lang='lat' dir='ltr'><strong>ipsius</strong></span> <span class='ocrx_word' id='word_1_266' title='bbox 1275 3627 1392 3678; x_wconf 83' lang='lat' dir='ltr'><strong>auctoris</strong></span> <span class='ocrx_word' id='word_1_267' title='bbox 1404 3625 1451 3678; x_wconf 82' lang='lat' dir='ltr'><strong>vei</strong></span> <span class='ocrx_word' id='word_1_268' title='bbox 1466 3624 1508 3676; x_wconf 85' lang='lat' dir='ltr'><strong>hi·</strong></span> 
     </span>
     <span class='ocr_line' id='line_1_29' title="bbox 485 3712 1505 3782; baseline -0.005 -19"><span class='ocrx_word' id='word_1_269' title='bbox 485 3712 623 3780; x_wconf 87' lang='lat' dir='ltr'><strong>hiiopoiaa</strong></span> <span class='ocrx_word' id='word_1_270' title='bbox 636 3718 886 3782; x_wconf 87' lang='lat' dir='ltr'><strong>transscripserunt,</strong></span> <span class='ocrx_word' id='word_1_271' title='bbox 905 3717 932 3765; x_wconf 92' lang='lat' dir='ltr'><strong>in</strong></span> <span class='ocrx_word' id='word_1_272' title='bbox 950 3732 980 3766; x_wconf 89' lang='lat' dir='ltr'><strong>ro</strong></span> <span class='ocrx_word' id='word_1_273' title='bbox 993 3713 1197 3782; x_wconf 81' lang='lat' dir='ltr'><strong>orthographica</strong></span> <span class='ocrx_word' id='word_1_274' title='bbox 1210 3729 1274 3766; x_wconf 70' lang='lat' dir='ltr'><strong>⁴earn</strong></span> <span class='ocrx_word' id='word_1_275' title='bbox 1285 3713 1354 3764; x_wconf 86' lang='lat' dir='ltr'><strong>viam</strong></span> <span class='ocrx_word' id='word_1_276' title='bbox 1367 3714 1505 3782; x_wconf 80' lang='lat' dir='ltr'><strong>ingressos</strong></span> 
     </span>
     <span class='ocr_line' id='line_1_30' title="bbox 486 3795 1506 3871; baseline -0.008 -21"><span class='ocrx_word' id='word_1_277' title='bbox 486 3816 562 3864; x_wconf 88' lang='lat' dir='ltr'><strong>ease,</strong></span> <span class='ocrx_word' id='word_1_278' title='bbox 580 3808 609 3851; x_wconf 89' lang='lat' dir='ltr'><strong>ut</strong></span> <span class='ocrx_word' id='word_1_279' title='bbox 632 3817 704 3852; x_wconf 88' lang='lat' dir='ltr'><strong>suam</strong></span> <span class='ocrx_word' id='word_1_280' title='bbox 729 3804 841 3871; x_wconf 87' lang='lat' dir='ltr'><strong>quisque</strong></span> <span class='ocrx_word' id='word_1_281' title='bbox 866 3800 999 3854; x_wconf 87' lang='lat' dir='ltr'><strong>scribendi</strong></span> <span class='ocrx_word' id='word_1_282' title='bbox 1023 3800 1240 3853; x_wconf 88' lang='lat' dir='ltr'><strong>consuetudinem</strong></span> <span class='ocrx_word' id='word_1_283' title='bbox 1266 3797 1416 3853; x_wconf 87' lang='lat' dir='ltr'><strong>abiecerint</strong></span> <span class='ocrx_word' id='word_1_284' title='bbox 1435 3803 1462 3848; x_wconf 89' lang='lat' dir='ltr'><strong>et</strong></span> <span class='ocrx_word' id='word_1_285' title='bbox 1480 3795 1506 3844; x_wconf 91' lang='lat' dir='ltr'><strong>in</strong></span> 
     </span>
     <span class='ocr_line' id='line_1_31' title="bbox 487 3881 1508 3954; baseline -0.007 -19"><span class='ocrx_word' id='word_1_286' title='bbox 487 3885 669 3937; x_wconf 89' lang='lat' dir='ltr'><strong>describendis</strong></span> <span class='ocrx_word' id='word_1_287' title='bbox 682 3887 859 3938; x_wconf 89' lang='lat' dir='ltr'><strong>voluminibus</strong></span> <span class='ocrx_word' id='word_1_288' title='bbox 876 3903 933 3938; x_wconf 87' lang='lat' dir='ltr'><strong>earn</strong></span> <span class='ocrx_word' id='word_1_289' title='bbox 948 3888 1076 3937; x_wconf 90' lang='lat' dir='ltr'><strong>rationem</strong></span> <span class='ocrx_word' id='word_1_290' title='bbox 1090 3887 1166 3937; x_wconf 87' lang='lat' dir='ltr'><strong>anxie</strong></span> <span class='ocrx_word' id='word_1_291' title='bbox 1180 3884 1349 3947; x_wconf 78' lang='lat' dir='ltr'><strong>retinuerint,</strong></span> <span class='ocrx_word' id='word_1_292' title='bbox 1370 3899 1422 3954; x_wconf 88' lang='lat' dir='ltr'><strong>qua</strong></span> <span class='ocrx_word' id='word_1_293' title='bbox 1439 3881 1508 3932; x_wconf 91' lang='lat' dir='ltr'><strong>sori-</strong></span> 
     </span>
     <span class='ocr_line' id='line_1_32' title="bbox 486 3965 1505 4039; baseline -0.009 -16"><span class='ocrx_word' id='word_1_294' title='bbox 486 3981 546 4039; x_wconf 94' lang='lat' dir='ltr'><strong>ptor</strong></span> <span class='ocrx_word' id='word_1_295' title='bbox 564 3975 622 4038; x_wconf 88' lang='lat' dir='ltr'><strong>ipse</strong></span> <span class='ocrx_word' id='word_1_296' title='bbox 641 3981 685 4023; x_wconf 90' lang='lat' dir='ltr'><strong>aut</strong></span> <span class='ocrx_word' id='word_1_297' title='bbox 697 3972 836 4036; x_wconf 87' lang='lat' dir='ltr'><strong>librarius,</strong></span> <span class='ocrx_word' id='word_1_298' title='bbox 856 3975 898 4024; x_wconf 90' lang='lat' dir='ltr'><strong>eui</strong></span> <span class='ocrx_word' id='word_1_299' title='bbox 917 3973 939 4024; x_wconf 91' lang='lat' dir='ltr'><strong>is</strong></span> <span class='ocrx_word' id='word_1_300' title='bbox 953 3973 1046 4024; x_wconf 90' lang='lat' dir='ltr'><strong>librum</strong></span> <span class='ocrx_word' id='word_1_301' title='bbox 1066 3987 1139 4023; x_wconf 90' lang='lat' dir='ltr'><strong>suum</strong></span> <span class='ocrx_word' id='word_1_302' title='bbox 1153 3969 1315 4032; x_wconf 87' lang='lat' dir='ltr'><strong>dictaverat,</strong></span> <span class='ocrx_word' id='word_1_303' title='bbox 1334 3973 1396 4019; x_wconf 90' lang='lat' dir='ltr'><strong>usn&#39;s</strong></span> <span class='ocrx_word' id='word_1_304' title='bbox 1414 3965 1505 4025; x_wconf 84' lang='lat' dir='ltr'><strong>inerit,</strong></span> 
     </span>
     <span class='ocr_line' id='line_1_33' title="bbox 486 4053 1505 4126; baseline -0.009 -17"><span class='ocrx_word' id='word_1_305' title='bbox 486 4067 541 4109; x_wconf 90' lang='lat' dir='ltr'><strong>tum</strong></span> <span class='ocrx_word' id='word_1_306' title='bbox 558 4060 733 4124; x_wconf 86' lang='lat' dir='ltr'><strong>posteriorum</strong></span> <span class='ocrx_word' id='word_1_307' title='bbox 752 4066 898 4126; x_wconf 87' lang='lat' dir='ltr'><strong>temporum</strong></span> <span class='ocrx_word' id='word_1_308' title='bbox 917 4058 1039 4110; x_wconf 86' lang='lat' dir='ltr'><strong>librarios</strong></span> <span class='ocrx_word' id='word_1_309' title='bbox 1058 4059 1084 4109; x_wconf 94' lang='lat' dir='ltr'><strong>in</strong></span> <span class='ocrx_word' id='word_1_310' title='bbox 1103 4073 1150 4120; x_wconf 89' lang='lat' dir='ltr'><strong>re,</strong></span> <span class='ocrx_word' id='word_1_311' title='bbox 1168 4069 1236 4123; x_wconf 82' lang='lat' dir='ltr'><strong>quae</strong></span> <span class='ocrx_word' id='word_1_312' title='bbox 1262 4069 1293 4106; x_wconf 89' lang='lat' dir='ltr'><strong>ex</strong></span> <span class='ocrx_word' id='word_1_313' title='bbox 1312 4053 1417 4106; x_wconf 90' lang='lat' dir='ltr'><strong>iliorum</strong></span> <span class='ocrx_word' id='word_1_314' title='bbox 1436 4059 1505 4102; x_wconf 81' lang='lat' dir='ltr'><strong>tein-</strong></span> 
     </span>
     <span class='ocr_line' id='line_1_34' title="bbox 485 4141 1503 4212; baseline -0.004 -15"><span class='ocrx_word' id='word_1_315' title='bbox 485 4161 579 4212; x_wconf 87' lang='lat' dir='ltr'><strong>pornnr</strong></span> <span class='ocrx_word' id='word_1_316' title='bbox 597 4144 697 4196; x_wconf 91' lang='lat' dir='ltr'><strong>iudicio</strong></span> <span class='ocrx_word' id='word_1_317' title='bbox 716 4159 781 4196; x_wconf 86' lang='lat' dir='ltr'><strong>sane</strong></span> <span class='ocrx_word' id='word_1_318' title='bbox 799 4145 934 4198; x_wconf 80' lang='lat' dir='ltr'><strong>leuissima</strong></span> <span class='ocrx_word' id='word_1_319' title='bbox 953 4143 1112 4206; x_wconf 89' lang='lat' dir='ltr'><strong>habebatur,</strong></span> <span class='ocrx_word' id='word_1_320' title='bbox 1139 4142 1217 4194; x_wconf 87' lang='lat' dir='ltr'><strong>iidem</strong></span> <span class='ocrx_word' id='word_1_321' title='bbox 1236 4141 1433 4207; x_wconf 79' lang='lat' dir='ltr'><strong>diplomaticam.</strong></span> <span class='ocrx_word' id='word_1_322' title='bbox 1451 4143 1503 4186; x_wconf 69' lang='lat' dir='ltr'><strong>itm</strong></span> 
     </span>
     <span class='ocr_line' id='line_1_35' title="bbox 484 4222 1500 4298; baseline -0.007 -18"><span class='ocrx_word' id='word_1_323' title='bbox 484 4230 598 4282; x_wconf 89' lang='lat' dir='ltr'><strong>fideliter</strong></span> <span class='ocrx_word' id='word_1_324' title='bbox 616 4245 755 4293; x_wconf 87' lang='lat' dir='ltr'><strong>servasse,</strong></span> <span class='ocrx_word' id='word_1_325' title='bbox 780 4238 807 4282; x_wconf 90' lang='lat' dir='ltr'><strong>ut</strong></span> <span class='ocrx_word' id='word_1_326' title='bbox 831 4230 1044 4282; x_wconf 85' lang='lat' dir='ltr'><strong>molestissimam</strong></span> <span class='ocrx_word' id='word_1_327' title='bbox 1067 4230 1154 4298; x_wconf 80' lang='lat' dir='ltr'><strong>legem</strong></span> <span class='ocrx_word' id='word_1_328' title='bbox 1178 4227 1230 4280; x_wconf 87' lang='lat' dir='ltr'><strong>sihi</strong></span> <span class='ocrx_word' id='word_1_329' title='bbox 1248 4227 1299 4294; x_wconf 88' lang='lat' dir='ltr'><strong>ipsi</strong></span> <span class='ocrx_word' id='word_1_330' title='bbox 1316 4222 1500 4296; x_wconf 76' lang='lat' dir='ltr'><strong>imposuerint·</strong></span> 
     </span>
     <span class='ocr_line' id='line_1_36' title="bbox 486 4313 1379 4384; baseline -0.006 -18"><span class='ocrx_word' id='word_1_331' title='bbox 486 4315 558 4367; x_wconf 85' lang='lat' dir='ltr'><strong>iiaec</strong></span> <span class='ocrx_word' id='word_1_332' title='bbox 577 4325 656 4384; x_wconf 87' lang='lat' dir='ltr'><strong>atque</strong></span> <span class='ocrx_word' id='word_1_333' title='bbox 674 4315 738 4365; x_wconf 87' lang='lat' dir='ltr'><strong>talia</strong></span> <span class='ocrx_word' id='word_1_334' title='bbox 756 4324 845 4368; x_wconf 89' lang='lat' dir='ltr'><strong>nostra</strong></span> <span class='ocrx_word' id='word_1_335' title='bbox 864 4316 968 4366; x_wconf 86' lang='lat' dir='ltr'><strong>demum</strong></span> <span class='ocrx_word' id='word_1_336' title='bbox 987 4324 1059 4366; x_wconf 91' lang='lat' dir='ltr'><strong>aetas</strong></span> <span class='ocrx_word' id='word_1_337' title='bbox 1077 4314 1145 4366; x_wconf 87' lang='lat' dir='ltr'><strong>vidit</strong></span> <span class='ocrx_word' id='word_1_338' title='bbox 1169 4321 1248 4382; x_wconf 89' lang='lat' dir='ltr'><strong>atque</strong></span> <span class='ocrx_word' id='word_1_339' title='bbox 1268 4313 1379 4363; x_wconf 88' lang='lat' dir='ltr'><strong>invenit.</strong></span> 
     </span>
    </p>

    <p class='ocr_par' dir='ltr' id='par_1_4' title="bbox 399 4392 1503 4632">
     <span class='ocr_line' id='line_1_37' title="bbox 399 4392 1503 4476; baseline -0.015 -21"><span class='ocrx_word' id='word_1_340' title='bbox 399 4399 465 4466; x_wconf 82' lang='lat' dir='ltr'><strong>28a]</strong></span> <span class='ocrx_word' id='word_1_341' title='bbox 483 4401 512 4453; x_wconf 87' lang='lat' dir='ltr'><strong>in</strong></span> <span class='ocrx_word' id='word_1_342' title='bbox 531 4402 650 4454; x_wconf 87' lang='lat' dir='ltr'><strong>hiediceo</strong></span> <span class='ocrx_word' id='word_1_343' title='bbox 671 4401 776 4470; x_wconf 88' lang='lat' dir='ltr'><strong>quidem</strong></span> <span class='ocrx_word' id='word_1_344' title='bbox 795 4399 890 4452; x_wconf 92' lang='lat' dir='ltr'><strong>codiee</strong></span> <span class='ocrx_word' id='word_1_345' title='bbox 910 4401 1007 4469; x_wconf 88' lang='lat' dir='ltr'><strong>legitur</strong></span> <span class='ocrx_word' id='word_1_346' title='bbox 1025 4400 1058 4454; x_wconf 80' lang='lat' dir='ltr'><strong>h.</strong></span> <span class='ocrx_word' id='word_1_347' title='bbox 1075 4401 1100 4464; x_wconf 84' lang='lat' dir='ltr'><strong>l,</strong></span> <span class='ocrx_word' id='word_1_348' title='bbox 1118 4399 1144 4456; x_wconf 78' lang='lat' dir='ltr'><strong>t.</strong></span> <span class='ocrx_word' id='word_1_349' title='bbox 1159 4409 1208 4451; x_wconf 84' lang='lat' dir='ltr'><strong>set</strong></span> <span class='ocrx_word' id='word_1_350' title='bbox 1224 4409 1307 4451; x_wconf 83' lang='lat' dir='ltr'><strong>cetere</strong></span> <span class='ocrx_word' id='word_1_351' title='bbox 1331 4409 1406 4465; x_wconf 79' lang='lat' dir='ltr'><strong>etque</strong></span> <span class='ocrx_word' id='word_1_352' title='bbox 1423 4392 1503 4476; x_wconf 76' lang='lat' dir='ltr'><strong>insitu</strong></span> 
     </span>
     <span class='ocr_line' id='line_1_38' title="bbox 485 4481 1499 4555; baseline -0.01 -17"><span class='ocrx_word' id='word_1_353' title='bbox 485 4485 610 4540; x_wconf 72' lang='lat' dir='ltr'><strong>Claudiae</strong></span> <span class='ocrx_word' id='word_1_354' title='bbox 625 4489 742 4554; x_wconf 73' lang='lat' dir='ltr'><strong>familiae</strong></span> <span class='ocrx_word' id='word_1_355' title='bbox 765 4487 902 4555; x_wconf 81' lang='lat' dir='ltr'><strong>superbie;</strong></span> <span class='ocrx_word' id='word_1_356' title='bbox 931 4505 955 4543; x_wconf 82' lang='lat' dir='ltr'><strong>c.</strong></span> <span class='ocrx_word' id='word_1_357' title='bbox 972 4483 1014 4540; x_wconf 80' lang='lat'><strong>32.</strong></span> <span class='ocrx_word' id='word_1_358' title='bbox 1039 4495 1105 4540; x_wconf 85' lang='lat' dir='ltr'><strong>extr.</strong></span> <span class='ocrx_word' id='word_1_359' title='bbox 1132 4495 1185 4538; x_wconf 76' lang='lat' dir='ltr'><strong>set</strong></span> <span class='ocrx_word' id='word_1_360' title='bbox 1200 4488 1300 4555; x_wconf 82' lang='lat' dir='ltr'><strong>pariter</strong></span> <span class='ocrx_word' id='word_1_361' title='bbox 1331 4481 1499 4536; x_wconf 79' lang='lat' dir='ltr'><strong>ardescerent.</strong></span> 
     </span>
     <span class='ocr_line' id='line_1_39' title="bbox 485 4565 1489 4632; baseline -0.003 -5"><span class='ocrx_word' id='word_1_362' title='bbox 485 4573 525 4632; x_wconf 85' lang='lat' dir='ltr'><strong>ct.</strong></span> <span class='ocrx_word' id='word_1_363' title='bbox 542 4575 684 4628; x_wconf 84' lang='lat' dir='ltr'><strong>Pichenam</strong></span> <span class='ocrx_word' id='word_1_364' title='bbox 702 4577 728 4626; x_wconf 92' lang='lat' dir='ltr'><strong>in</strong></span> <span class='ocrx_word' id='word_1_365' title='bbox 747 4574 833 4629; x_wconf 86' lang='lat' dir='ltr'><strong>Praei.</strong></span> <span class='ocrx_word' id='word_1_366' title='bbox 851 4575 893 4632; x_wconf 84' lang='lat' dir='ltr'><strong>ed.</strong></span> <span class='ocrx_word' id='word_1_367' title='bbox 913 4574 994 4630; x_wconf 83' lang='lat' dir='ltr'><strong>Tacit.</strong></span> <span class='ocrx_word' id='word_1_368' title='bbox 1396 4580 1399 4594; x_wconf 81' lang='lat'><strong>¹</strong></span> <span class='ocrx_word' id='word_1_369' title='bbox 1486 4565 1489 4580; x_wconf 90' lang='grc'><strong>’</strong></span> 
     </span>
    </p>
   </div>
   <div class='ocr_carea' id='block_1_4' title="bbox 0 0 1768 5500">
    <p class='ocr_par' dir='ltr' id='par_1_5' title="bbox 0 0 1768 5500">
     <span class='ocr_line' id='line_1_40' title="bbox 0 0 1768 5500; baseline 0 5"><span class='ocrx_word' id='word_1_370' title='bbox 0 0 1768 5500; x_wconf 95' lang='lat' dir='ltr'><strong> </strong></span> 
     </span>
    </p>
   </div>
  </div>
 </body>
</html>
