3525 5500
860 672 1013 765 A

386 868 570 927 llndlceorum
591 867 718 927 codicum
739 868 850 926 monadi
865 875 928 925 aunt
948 866 1005 925 loci
1027 867 1166 939 depravati
1177 867 1346 939 cmieetaria
1368 866 1485 939 quidem,

386 974 437 1029 sed
458 972 576 1043 audique
598 972 804 1044 cncunspcctis
832 978 860 1027 ct
882 971 1063 1027 consideratis
1090 976 1120 1027 et
1147 986 1217 1043 qnae
1239 971 1401 1027 certioribus
1422 970 1500 1054 artis¹

386 1076 497 1147 legibus
523 1083 670 1147 regantur,
700 1090 779 1146 mam
807 1074 903 1146 quibu
933 1076 1155 1146 obtemperarunt
1182 1082 1292 1132 veteres
1320 1073 1488 1145 grammatici

386 1185 415 1233 et
436 1179 538 1235 librarii
566 1180 633 1235 artis
654 1178 767 1235 enasse
789 1184 818 1234 et
838 1178 903 1233 lldei
931 1177 1137 1249 diplomaticae,
1166 1182 1263 1249 utpote
1282 1190 1373 1233 rernm
1393 1177 1429 1231 ah
1450 1177 1488 1231 il-

386 1280 474 1337 lomm
495 1288 645 1354 temporum
665 1261 781 1352 iapenio
796 1280 959 1350 alienarum,
982 1280 1080 1351 ignari.
1124 1279 1169 1336 Ad
1183 1296 1303 1336 normam
1323 1287 1352 1335 et
1364 1279 1489 1350 regulam

384 1383 498 1455 aliquam
520 1409 561 1425 -
588 1383 661 1440 baud
687 1380 750 1439 leae
777 1398 845 1439 sane
874 1383 1023 1454 negotium,
1038 1408 1077 1421 -·-
1109 1382 1328 1453 coniecturarum
1349 1398 1394 1437 ara
1417 1382 1486 1438 diri-

384 1487 474 1558 genda
495 1493 555 1558 est,
585 1499 621 1543 ne
642 1482 807 1558 chraphdim
828 1486 953 1542 evitaturi
974 1486 1001 1541 in
1023 1485 1144 1557 Scyllam
1164 1485 1330 1556 incidamus,
1352 1484 1404 1541 sed
1424 1500 1487 1541 rue·-

387 1590 460 1645 dium
488 1594 518 1646 et
544 1596 647 1646 rectum
676 1590 730 1645 iter
756 1587 827 1644 inter
856 1589 974 1660 lneptam
996 1588 1208 1645 membranarum
1230 1588 1434 1645 admirationem
1456 1596 1485 1645 et

308 1707 312 1714 ’
383 1690 568 1748 Bentleianam
590 1691 729 1747 audaciam
750 1698 900 1747 teneamus.
943 1691 978 1747 itt
999 1692 1149 1763 probabilia
1179 1690 1272 1747 critico
1295 1690 1402 1761 quidem
1423 1694 1486 1749 uni-

382 1809 465 1850 verse
486 1794 652 1866 expendenti
673 1802 730 1853 tres
752 1809 818 1851 ease
839 1794 1020 1851 condiciones
1034 1794 1192 1865 videratur,
1215 1808 1250 1850 ex
1274 1794 1369 1864 ambus
1392 1802 1485 1851 certae

381 1894 536 1953 evidentiae
557 1897 616 1953 laus
639 1897 808 1968 conjecturis
827 1896 968 1953 tribuenda
991 1897 1041 1968 ait,
1065 1912 1221 1968 quamquam
1244 1896 1301 1953 lieri
1321 1904 1433 1969 potest,
1455 1905 1485 1954 at

383 1999 471 2069 aliam
500 2000 673 2071 conjectura,
704 2013 775 2072 qaae
803 2014 855 2055 nna
885 2000 1006 2056 alterave
1034 2000 1127 2055 herum
1154 1999 1347 2057 condicionum
1377 2008 1481 2071 careat,

379 2102 528 2171 probabilis
550 2109 639 2159 tamen
660 2102 703 2158 sit
751 2102 866 2158 Constat
887 2102 947 2158 lere
968 2102 1038 2159 inter
1052 2102 1130 2173 hujus
1152 2092 1213 2158 aevi
1229 2102 1341 2159 criticos
1362 2118 1480 2159 necesse

379 2219 460 2275 esse,
482 2205 594 2277 primam
617 2205 742 2263 codicum
757 2206 887 2265 llstornm
909 2205 993 2261 lectio
1008 2205 1068 2261 sine
1089 2221 1187 2262 seusus
1200 2205 1370 2261 sermonisve
1385 2204 1483 2262 damno

379 2306 446 2363 lerri
467 2314 600 2379 nequeat,
623 2308 722 2365 deiude
744 2308 899 2365 emendatio
920 2309 1065 2383 proposita
1087 2308 1239 2365 sententiae
1261 2314 1289 2365 et
1310 2308 1369 2363 usui
1391 2306 1482 2380 serip-

378 2409 447 2465 toria
475 2409 556 2480 plane
578 2410 741 2482 conveniat,
770 2418 911 2482 postremo
939 2412 1048 2484 legibus
1071 2414 1136 2469 artis
1166 2411 1416 2488 palaeographicae
1443 2412 1481 2467 ita

378 2511 599 2583 obtemperetur,
620 2519 651 2567 ut
671 2512 831 2583 conjectura
853 2514 1016 2585 optimorum
1038 2513 1165 2571 codicum
1194 2514 1319 2585 vestigiis
1349 2530 1382 2572 ac
1404 2514 1481 2572 simi-

377 2613 482 2669 litudini
513 2614 638 2671 ductuum
667 2615 808 2672 literarum·
832 2633 911 2688 quarn
938 2618 1054 2673 maxime
1082 2617 1279 2673 accomodetnr
1303 2613 1344 2679 β).
1395 2618 1482 2690 Igitur

377 2716 527 2805 Tacitinum
548 2724 651 2776 textuum
673 2716 840 2788 conjecturis
858 2719 1011 2777 emendanti
1033 2734 1066 2777 ea
1088 2720 1134 2777 lex
1157 2718 1346 2778 consituendo
1367 2726 1418 2793 est,
1441 2726 1480 2792 nt,

376 2828 486 2880 servato
509 2830 742 2896 quantumcunque
763 2840 875 2880 servare
902 2823 986 2896 licet,
1014 2819 1178 2881 lectionibus
1200 2823 1325 2880 codicum
1337 2822 1480 2881 lledieeo-

375 2940 449 2995 rum,
471 2926 591 2996 quamvis
612 2943 698 2999 saepe
719 2943 848 2999 percum
862 2929 1016 3000 corruptis,
1039 2927 1256 2984 emendationem
1278 2935 1405 2984 accurate
1428 2943 1479 2983 ac·
1557 2947 1560 2954 ·

377 3027 508 3082 comedet
528 3034 610 3098 atque
628 3028 766 3101 applicet,
794 3047 866 3085 aeae
888 3030 942 3085 alla
966 3030 1083 3100 veshgia
1106 3028 1262 3099 archetypi,
1285 3029 1402 3099 quaein
1425 3029 1479 3084 du-

376 3128 463 3185 ctibus
484 3130 621 3186 literarum
642 3131 744 3202 latent,
776 3131 918 3204 negligat,
942 3145 996 3203 quo
1019 3132 1053 3187 ad
1076 3129 1213 3202 genuinae
1234 3131 1385 3202 scripturae
1405 3131 1474 3186 reli-

376 3231 452 3304 quias
474 3232 501 3287 in
524 3239 624 3290 tanturn
646 3233 771 3306 accedat,
795 3243 920 3306 quantum
941 3251 992 3306 pro
1008 3229 1140 3305 sollertia,
1164 3234 1297 3306 acumine,
1320 3233 1477 3306 subtilitate,

374 3336 526 3406 sagacitate
539 3337 597 3392 lieri
610 3329 712 3410 potest
755 3337 882 3394 Attamen
897 3354 1013 3410 vereor,
1036 3344 1065 3394 ut
1077 3339 1146 3394 haec
1159 3337 1342 3412 probabilitati
1365 3338 1476 3393 criticae

374 3438 525 3495 sufficiantt
547 3446 624 3498 certe
645 3440 673 3496 in
695 3441 783 3499 Taciti
806 3441 986 3513 recensione,
1010 3441 1110 3514 quippe
1133 3457 1203 3513 quae
1224 3458 1261 3499 ex
1283 3441 1360 3498 unius
1383 3467 1423 3478 -
1446 3448 1476 3496 ut

373 3539 481 3595 videtur
503 3567 544 3580 --
568 3543 710 3615 archetypi
732 3544 786 3600 lide
808 3545 998 3601 constituenda
1020 3545 1070 3610 sit,
1093 3543 1173 3599 etiam
1195 3551 1250 3600 tum
1271 3544 1322 3599 alia
1345 3542 1474 3599 condicio

376 3642 561 3715 desideratur,
585 3647 708 3715 quamsi
732 3648 816 3703 tribas
838 3648 908 3718 illis,
932 3647 967 3702 de
997 3647 1093 3717 quibus
1122 3648 1206 3704 modo
1235 3647 1343 3718 rettuli,
1366 3645 1475 3702 cautio-

372 3745 450 3801 nibus
473 3745 623 3821 adjungas,
646 3750 862 3807 emendationem
885 3749 918 3804 ab
942 3749 1013 3805 omni
1036 3757 1113 3820 parte
1135 3755 1216 3807 tutam
1239 3749 1301 3806 lore
1319 3745 1473 3820 jure'spe-

373 3850 492 3907 favetis:
517 3869 674 3924 quamquam
700 3855 828 3910 universe
857 3850 943 3910 critici
973 3853 1112 3925 hucusque
1134 3853 1248 3910 animum
1275 3845 1368 3925 parum
1390 3853 1424 3908 ad
1446 3853 1474 3908 id

359 3953 523 4012 ‘attendisse
543 3955 607 4012 mihi
629 3956 761 4014 videntur.
804 3957 951 4028 Postquam
974 3957 1082 4017 enimin
1104 3957 1324 4030 inscriptionibus
1346 3955 1473 4028 legendis

380 4267 385 4276 ·
402 4231 435 4298 8)
453 4234 539 4305 Digna
556 4244 616 4289 aunt
633 4236 714 4301 lactu,
733 4253 801 4306 quae
819 4240 846 4290 in
859 4240 1060 4292 Zimmermanni
1078 4239 1175 4292 lliariia
1192 4240 1273 4307 antiq.
1292 4239 1342 4291 litt.
1360 4254 1385 4291 as
1404 4235 1471 4291 18³5

349 4325 355 4330 '
454 4337 499 4377 no.
515 4322 559 4378 58.
571 4339 596 4391 p.
611 4322 672 4377 tto.
689 4341 732 4393 sq·
742 4341 856 4377 sumanus
868 4327 975 4378 criticus
993 4326 1036 4380 Fr.
1047 4325 1187 4380 Jacobaiua
1205 4325 1239 4376 da
1251 4324 1303 4378 hoc
1316 4313 1470 4392 argumento

454 4406 607 4474 disputavit.
641 4409 730 4461 lnaunt
753 4427 883 4463 censurae
907 4411 1086 4477 Proluaionia,
1114 4400 1202 4481 quam*
1215 4410 1297 4463 indici
1320 4408 1469 4464 scholaram

454 4507 504 4558 per
520 4496 631 4561 primum
655 4504 784 4549 semesae
805 4512 829 4551 a.
857 4493 924 4549 leun
947 4499 975 4550 in
992 4498 1075 4553 dead.
1093 4499 1174 4565 horn.
1191 4495 1370 4550 habendarum
1389 4507 1469 4562 prae-

454 4580 526 4631 raiait
543 4579 603 4635 Gar.
620 4583 813 4653 llorgensteru.
