3525 5500
891 644 1036 739 „Q-

416 868 429 875 ν
486 845 576 901 dnm
602 846 628 900 in
662 840 850 916 antiquissimis
866 840 1021 903 -endlelbn's
1054 842 1160 917 tplitbn
1180 840 1216 901 rie
1248 840 1417 917 conpendio.
1437 837 1510 910 ¹⁴⁰)

411 955 523 1005 exeritu
546 955 606 1018 est,
629 964 697 1019 qno·
713 942 822 1004 tritum·
834 956 901 1020 eet,
924 956 953 1004 ut
973 961 1059 1021 snepe
1081 964 1140 1005 enm
1159 956 1215 1005 utut
1227 948 1391 1006 omitterent
1411 946 1510 1003 librarii

410 1058 457 1107 rut
477 1065 610 1123 perverse
637 1052 880 1123 interpretarentur
906 1046 989 1118 ²⁴¹).
1024 1052 1141 1123 'litque'
1161 1053 1213 1109 lde.
1242 1052 1358 1109 exbibet
1382 1049 1418 1105 t.
1440 1050 1510 1120 illli,

411 1154 461 1211 25.
483 1157 628 1226 respersas·
648 1154 1020 1227 procomprerrrrt31c.÷bii.
1041 1156 1361 1227 cimmeriorum
1383 1153 1417 1209 t.
1441 1152 1511 1221 tivi,

411 1255 460 1311 32.
483 1260 607 1313 coerciti
623 1272 676 1329 pro
699 1259 858 1327 reunitum
888 1256 919 1312 ll.
941 1256 996 1328 lll,
1019 1254 1070 1313 eit.
1087 1260 1170 1331 poeti
1191 1274 1243 1330 pro
1262 1265 1385 1331 pectes.
1420 1254 1453 1311 ll.
1476 1256 1508 1323 V,

426 1432 490 1499 tto)
507 1435 553 1487 Sic
570 1437 599 1489 iu
616 1436 797 1505 antiquissimo
815 1391 912 1505 codice
934 1435 1061 1507 breviarii
1079 1434 1173 1490 ommi·
1193 1396 1320 1503 scriplum
1344 1440 1384 1488 est
1402 1432 1509 1501 testibus

494 1520 676 1602 Benedictinis
701 1520 718 1572 Ι.
738 1520 755 1571 1.
779 1536 805 1588 p.
824 1517 890 1583 uiti,
916 1529 942 1573 et
965 1521 1090 1593 siglemb
1114 1537 1185 1573 nouo
1211 1521 1319 1573 saeculo
1344 1521 1395 1569 iem
1420 1521 1446 1569 in
1466 1535 1510 1569 usu

447 1597 451 1606 ’
493 1607 575 1657 luisse
595 1606 721 1657 docemur
745 1604 777 1655 eb
800 1604 894 1655 iisdem
920 1607 984 1655 viris
1004 1606 1088 1658 doctis
1107 1622 1132 1672 p.
1150 1604 1210 1658 545.
1245 1604 1319 1656 tuas
1343 1604 1438 1654 multas
1458 1606 1509 1654 eius

493 1691 645 1758 compendii
662 1690 759 1742 lomnes
777 1687 839 1740 vide
851 1686 922 1740 ulid.
941 1688 995 1743 tab.
1006 1690 1055 1755 60¹3
1075 1688 1175 1759 quibns'
1186 1688 1314 1741 eddentdr
1328 1676 1437 1741 'notne’
1458 1685 1503 1740 et*

492 1780 520 1829 in
539 1776 695 1828 Corneliano
714 1771 809 1827 codiee
828 1775 917 1826 Servii
933 1775 1095 1844 trequentes.
1131 1776 1243 1827 biexime
1262 1770 1348 1827 et'u'teni
1366 1776 1459 1843 sign,-
1486 1777 1510 1825 in

468 1912 472 1919 ,
495 1861 715 1917 consuetudinem
737 1861 986 1919 venisse..videtun:
1012 1864 1048 1915 ite
1071 1864 1098 1917 in
1123 1860 1277 1917 Caeselleon
1304 1861 1399 1937 codiee
1424 1862 1510 1915 Servii

492 1947 598 2013 syllaba
615 1947 662 2000 ius
679 1946 834 2020 plerumque
852 1947 977 2021 scribitur
995 1948 1035 2009 b,·.
1071 1947 1100 2001 ln
1117 1947 1167 2003 lile.
1186 1948 1317 2017 reperitur
1335 1954 1404 2007 teste
1418 1946 1509 1999 linbil-

493 2032 567 2085 lonio
587 2032 604 2083 l.
623 2032 641 2084 l.
659 2031 728 2083 Ano.
753 2031 811 2106 llll,
836 2030 848 2085 1
874 2049 914 2099 pr.
934 2034 1025 2099 domi,
1051 2041 1119 2106 teste
1143 2033 1200 2084 lec.
1230 2031 1363 2083 Gronovio
1388 2032 1458 2095 lilii,
1480 2031 1510 2080 tu

493 2137 590 2183 eorm,
602 2116 667 2181 xiv,
685 2116 719 2168 36
736 2135 797 2167 oron
809 2135 836 2179 ;‚
849 2108 915 2167 tiisr.
924 2113 968 2181 Ν,
981 2117 1014 2169 70
1033 2116 1134 2168 Roman
1146 2136 1172 2181 ,·,
1190 2116 1222 2181 V,
1233 2114 1269 2171 22
1287 2120 1452 2178 semisomm.
1475 2114 1510 2166 Cl.

492 2219 572 2273 porro
591 2202 741 2256 Goescben.
758 2203 776 2255 l.
789 2200 807 2255 l.
823 2218 849 2269 p.
862 2199 921 2255 423.
934 2200 993 2256 429.
1005 2200 1065 2255 137.
1083 2200 1142 2257 tte.
1159 2198 1219 2260 152.
1235 2200 1295 2281 titi.
1314 2200 1372 2256 507.
1390 2201 1452 2257 509.
1485 2201 1509 2252 ln

495 2323 552 2375 Gaii
572 2324 666 2374 codiee
680 2313 809 2391 rescripto
823 2322 977 2391 frequenter
993 2304 1148 2394 legitur'pb.
1164 2322 1209 2376 vel
1228 2286 1267 2390 db.
1286 2340 1334 2391 pro
1353 2323 1460 2391 quidun
1479 2322 1507 2375 cl.

493 2408 630 2459 Goeseben
648 2408 667 2459 l.
686 2408 703 2459 l.
721 2424 747 2474 p.
765 2402 826 2463 480.
1318 2424 1332 2433 ··
1587 2402 1588 2405 ¹

425 2489 489 2558 lii)
508 2495 582 2545 Verr.
601 2494 634 2543 de
652 2492 681 2546 L.
699 2493 728 2543 L.
745 2493 802 2556 vti,
821 2488 857 2541 itt
873 2492 958 2559 pt56
970 2493 1012 2546 ed.
1024 2494 1113 2547 lluell.
1131 2494 1174 2545 lrie
1185 2492 1280 2545 Lucilii
1297 2494 1510 2561 versuelegitnr:

451 2607 455 2620 ι
492 2578 577 2646 Atque
600 2579 713 2645 ciffos.
731 2577 807 2629 ibere
829 2578 871 2630 ab.
894 2578 970 2631 rebus
993 2579 1103 2647 clepsere
1126 2583 1185 2646 [oro
1209 2582 1253 2647 ptri
1272 2596 1306 2639 ‚ex
1325 2580 1509 2639 emendatione

492 2665 642 2733 Scaligeri‚
662 2681 740 2735 quum
753 2666 781 2717 in
797 2663 935 2723 codicibus
946 2664 984 2715 ibi
995 2667 1157 2741 reperiatur,
1178 2667 1245 2741 utin
1268 2674 1422 2740 npgumento
1435 2682 1511 2718 enro—
1587 2678 1588 2681 ’

495 2752 579 2806 sticho
598 2751 682 2805 Pleut.
698 2749 799 2820 Coptiv.
818 2750 940 2822 plerique
954 2750 1064 2804 codices
1082 2752 1146 2802 inibi
1163 2768 1211 2818 pro
1225 2751 1332 2820 vulgate
1345 2768 1377 2802 ex
1391 2751 1512 2804 Gulielmi

422 2820 426 2833 ¹
493 2837 646 2904 conjecture
671 2837 789 2888 lectione
812 2839 840 2887 in
857 2837 915 2886 ibus
940 2837 1071 2888 exhibent.
1113 2835 1214 2889 Eodem
1238 2837 1338 2888 referes
1363 2846 1512 2904 corruptum

492 2923 582 2974 locum
608 2923 682 2974 verr.
699 2921 749 2986 vt,
773 2917 807 2972 25
830 2936 856 2988 p.
874 2919 909 2972 83
934 2921 975 2972 ed.
1000 2921 1105 2986 bineli,
1133 2921 1178 2973 ubi
1202 2923 1312 2974 llueller
1337 2937 1368 2973 ex
1392 2923 1512 2974 codicum

495 3010 624 3074 scripturn
648 3006 797 3075 compitalia
820 3009 873 3058 dies
903 3008 1044 3058 attributes
1067 2993 1179 3059 Lumine
1202 3017 1236 3059 ut
1254 3009 1338 3058 aiibi
1359 3009 1513 3060 ielioiesime

493 3093 586 3150 elicuit
602 3095 688 3149 c.d.a.
700 3093 730 3144 la.
742 3093 988 3160 compitalibus.
1018 3094 1040 3150 Ε
1059 3095 1190 3152 contrario
1210 3094 1272 3146 ibid.
1291 3095 1322 3156 V,
1340 3093 1374 3146 25
1391 3111 1418 3162 p.
1439 3095 1467 3148 11
1488 3097 1512 3146 in

495 3177 575 3231 codd
593 3185 633 3230 est
647 3179 755 3246 putidus
773 3178 936 3254 odoribus¹
949 3195 997 3248 pro
1013 3197 1041 3248 p.
1059 3180 1139 3230 odor
1156 3180 1217 3243 iii,
1237 3181 1309 3248 quod
1324 3180 1436 3234 Mueller
1455 3198 1512 3232 eer-

493 3266 594 3320 tissima
612 3263 763 3334 conjecture
782 3265 907 3315 restituit.
931 3263 1052 3332 Denique
1071 3264 1134 3318 ibid.
1153 3265 1202 3330 lll,
1223 3265 1313 3334 105'p.
1333 3262 1384 3318 232
1403 3267 1512 3318 Mueller

495 3367 527 3402 er
547 3349 684 3419 Spengelii
704 3349 890 3400 emendatione
919 3349 1001 3400 edidit
1025 3351 1256 3416 sacrificatur
1281 3359 1326 3401 aut
1349 3353 1511 3416 sacrificatus
1586 3345 1587 3380 ³

498 3451 555 3486 ssim
570 3451 620 3502 pro
639 3434 762 3486 codicum
779 3435 897 3486 lectione
916 3437 1193 3502 sacrificaturus
1217 3453 1242 3486 o.
1261 3454 1282 3490 r.
1300 3453 1320 3488 s.
1361 3437 1453 3488 Facile
1471 3437 1511 3486 in·
1586 3421 1587 3426 ¹

493 3520 623 3588 telligitur
645 3520 779 3572 librarium
796 3520 940 3587 ‚erebetypi
963 3523 1118 3574 sententium
1140 3523 1265 3574 Varronis
1288 3525 1342 3574 iton
1366 3532 1511 3574 assecutum
1586 3507 1587 3512 ¹

492 3614 603 3673 propter
632 3619 798 3674 consequeus
825 3607 991 3672 perticipium
1020 3606 1108 3660 addite
1131 3624 1171 3663 us,
1184 3607 1286 3674 syllaba
1315 3611 1512 3674 sacrificaturus

495 3693 643 3760 scripsisse.
686 3690 741 3745 cic.
761 3689 819 3745 Cet.
836 3694 897 3745 mei.
915 3689 963 3753 23,
981 3689 1015 3746 8³
1033 3693 1154 3746 nonnulli
1172 3694 1295 3757 codices,
1319 3694 1413 3764 quibus
1433 3691 1512 3746 Grae-

495 3778 554 3827 vius
569 3777 674 3844 quidem
691 3776 898 3844 obtemperavit,
920 3776 1043 3830 exhibent
1061 3781 1115 3830 cui
1132 3779 1245 3830 obtusior
1262 3782 1295 3830 sit
1312 3783 1380 3831 acics
1392 3797 1440 3848 pro
1454 3780 1511 3831 vul-

495 3870 558 3931 gato
577 3865 651 3913 cuius
668 3879 727 3930 sqq.
763 3860 802 3913 Gi.
821 3859 907 3912 Klotz.
932 3861 965 3913 ad
989 3862 1015 3915 h.
1033 3861 1051 3915 l.
1075 3879 1100 3930 p.
1120 3859 1179 3918 166.
1216 3863 1319 3916 luseul.
1337 3864 1387 3930 IV,
1412 3864 1455 3929 ³2,
1479 3863 1512 3918 68

496 3948 578 4016 vulgo
604 3947 690 3999 editur
714 3950 768 3998 eui
789 3950 818 3997 im
835 3964 914 3998 manu
938 3949 985 4010 sit,
1010 3966 1083 4015 quem
1106 3967 1159 4000 etse
1183 3951 1319 4001 dementem
1341 3951 1415 4014 velit,
1440 3969 1511 4020 quem

494 4051 587 4102 sapere
608 4050 657 4100 pro
676 4033 862 4085 emendetione
879 4033 995 4084 Ernestii
1013 4037 1110 4084 ouius
1127 4037 1155 4085 in
1167 4051 1240 4102 sqq.‚
1259 4051 1335 4103 quem
1354 4037 1463 4088 Wolfius
1488 4044 1512 4086 et

497 4120 617 4172 Klotzius
635 4118 779 4185 probarunt
797 4126 824 4168 et
836 4119 922 4170 codex
940 4117 1079 4188 Duisburg.
1098 4137 1146 4172 suo
1166 4123 1405 4174 essensniirrnevit
1417 4122 1511 4184 vetit,

468 4244 471 4250 .
501 4205 544 4268 12,
561 4203 579 4256 2
596 4219 677 4272 preve
695 4203 777 4256 lectio
791 4203 834 4256 ed.
852 4221 891 4270 pr.
905 4213 932 4256 et
945 4219 1037 4272 apogr.
1049 4205 1154 4257 elmenh.
1174 4223 1322 4275 compari
1336 4225 1368 4259 ex
1385 4210 1512 4276 scripture

498 4291 636 4357 archetypi
653 4292 710 4360 cuiq
732 4288 765 4351 (i.
783 4306 808 4342 e.
826 4289 914 4352 cuius)
930 4308 996 4358 pars
1015 4293 1144 4360 originem
1157 4295 1243 4346 traxit.
1278 4293 1377 4346 lbidem
1391 4309 1469 4362 quum
1482 4293 1511 4355 lt,

457 4416 461 4424 .
497 4375 542 4440 dd,
561 4374 576 4428 2
594 4392 687 4444 apogr.
704 4375 810 4427 Amerb.
824 4377 964 4444 praedixi,
984 4376 1026 4428 ed.
1048 4392 1090 4444 pr.
1105 4380 1284 4446 praedicimus
1303 4379 1440 4443 exhibent,
1461 4381 1512 4432 die-

463 4500 467 4509 .
500 4463 662 4528 erepentium
679 4462 826 4528 scripturae
844 4478 878 4513 ex
897 4478 988 4514 errore
1005 4461 1107 4514 librarii
1118 4463 1296 4520 Murbecensie
1317 4465 1377 4516 libri
1395 4467 1512 4533 explice-

503 4548 605 4612 uerim‚
625 4547 670 4616 qui
685 4548 833 4618 praedicitis
850 4563 899 4616 pro
914 4548 1080 4617 praedictioni
1092 4549 1155 4602 milui
1173 4550 1278 4604 videtur
1294 4553 1441 4620 adripuisse.
