3525 5500
807 681 845 737 35

758 760 907 775 ψ

279 880 373 953 posito
396 879 461 937 colo
482 882 548 952 post
570 894 668 936 vocem
690 878 788 948 ordor,
811 878 881 935 maie
902 890 1036 950 recepere
1055 872 1118 941 ²⁴).
1162 880 1228 936 Nam
1249 886 1377 952 praeter·

281 984 457 1056 quamqnod
479 981 576 1040 iumen
599 984 732 1039 orationis
759 983 811 1039 imo
841 983 1015 1039 distinctione
1041 998 1128 1055 prave
1157 984 1319 1055 abrumpitur
1349 990 1382 1039 et

282 1102 348 1142 usus
370 1088 497 1159 adjectivi
517 1090 611 1160 imper
639 1086 756 1141 dativum
792 1084 865 1157 apud
895 1086 1016 1141 'licitum
1045 1086 1244 1157 quodammodo
1280 1086 1382 1158 poscit,

281 1190 510 1262 Tacitus-potius
542 1191 571 1245 in
599 1191 671 1245 leuce
700 1190 811 1245 modum
834 1190 918 1245 rerba
948 1189 1131 1245 collocasset:
1155 1190 1236 1261 cujac
1265 1181 1382 1245 ordor

282 1294 419 1351 nimius
441 1289 500 1359 [so.
522 1287 623 1357 esset).
666 1292 709 1347 De
738 1298 871 1347 structura
898 1292 977 1347 voris
1008 1293 1100 1364 impar
1132 1292 1166 1349 ei.
1189 1290 1223 1348 Α.
1245 1292 1304 1364 vi,
1331 1290 1381 1347 32.
1460 1352 1462 1357 ,

276 1392 515 1467 palriiamoriduc
527 1396 628 1467 impar.
650 1392 757 1464 mxu,
771 1391 822 1449 tt.
845 1394 1067 1449 odiisooocrcnc
1078 1395 1179 1467 impar.
1202 1396 1316 1465 mxiv,
1332 1380 1401 1452 54.ι

282 1498 432 1555 toruum
447 1511 564 1571 vparopue
587 1496 666 1552 curm
686 1496 787 1568 imper.
810 1496 843 1551 Α,
856 1497 916 1567 XV,
933 1498 982 1552 57.
1003 1494 1140 1553 muliebre
1163 1500 1267 1570 eorpus
1288 1499 1383 1571 impar

282 1602 384 1657 dolori.
426 1601 458 1657 ΙΙ.
481 1601 510 1671 Ι,
534 1602 584 1655 75.
606 1598 680 1655 lello
701 1601 848 1672 imperem·
863 1598 896 1655 ΙΙ.
918 1598 958 1670 ΙΙ,
983 1598 1032 1655 58.
1053 1601 1145 1673 impar
1167 1602 1244 1655 curis
1265 1602 1384 1673 procio-

281 1702 369 1760 riiuc.
412 1702 443 1759 ii.
466 1704 514 1773 tv,
532 1702 558 1759 1.
581 1703 782 1775 recuperandae
803 1703 943 1759 oietcrice
963 1704 1095 1775 impares.
1131 1700 1219 1759 Germ
1235 1700 1285 1758 31.
1313 1708 1383 1759 extr.

282 1814 344 1862 tam
363 1808 568 1862 doroeoirtuti
579 1808 712 1879 impares.
758 1804 884 1863 Ceterum
904 1812 970 1877 post
985 1806 1141 1877 absorptum
1155 1822 1227 1863 uoce
1248 1808 1383 1879 imparem

282 1909 549 1966 ultimam·voecbnli
571 1910 670 1965 ardori
689 1910 794 1965 iitcram
825 1909 913 1965 iornra
936 1908 1063 1980 adjectivi
1088 1911 1192 1965 rancus
1214 1909 1379 1965 nominativo

283 2007 445 2069 substantivi
473 2014 564 2069 ardor
593 2028 629 2068 eo
651 2000 759 2068 lucilius
780 2012 985 2068 accommodata
1015 2018 1074 2082 esi,
1098 2028 1152 2083 quo
1180 2012 1383 2069 terminationes

285 2130 321 2170 os
342 2122 372 2170 et
394 2129 410 2171 o
433 2116 469 2172 olr
493 2115 681 2187 compendium
706 2132 720 2168 a
745 2115 766 2173 ἰ.
787 2132 812 2172 c.
832 2132 868 2171 os
888 2115 917 2170 in
945 2113 1027 2170 codd.
1057 2114 1187 2171 Mediceis
1215 2114 1383 2185 frequentius

283 2224 542 2289 permutataosunt,
584 2218 627 2302 De
650 2234 701 2289 qua
723 2218 887 2274 confusione
909 2218 984 2274 conl.
1007 2233 1076 2288 quac
1098 2216 1166 2272 inira
1188 2216 1314 2287 referam,
1336 2216 1383 2273 ubi

284 2320 318 2376 de
338 2319 545 2377 tertiodecimo
567 2320 694 2377 vitiorum
716 2333 821 2390 genere
843 2335 931 2390 ogeru.
965 2344 995 2355 -
1030 2319 1062 2374 H.
1084 2319 1137 2390 ΙΙΙ,
1159 2318 1210 2375 86.
1238 2322 1383 2393 praecipit

285 2417 470 2479 iuocccscm
489 2424 538 2479 die
558 2424 611 2495 pro
630 2423 785 2496 praecipiti
806 2423 836 2478 in
858 2438 884 2479 o.
907 2422 933 2477 d.
968 2422 999 2477 H.
1022 2423 1070 2494 IV,
1094 2422 1142 2479 58.
1165 2416 1307 2481 eliciendo
1328 2440 1381 2495 pro

284 2523 442 2583 alliciendo.
486 2523 517 2580 (l.
539 2525 590 2581 88.
614 2526 694 2581 Tadio
715 2542 767 2597 pro
793 2526 893 2582 Tullio.

384 2625 463 2696 Quae
483 2634 527 2684 iot
548 2629 673 2699 exempla
695 2628 720 2683 ai
740 2626 927 2699 reputaveris,
951 2626 983 2682 A.
998 2627 1038 2698 ΙΙ,
1062 2626 1113 2684 80.
1136 2627 1304 2684 electione·
1316 2628 1378 2686 cod.

280 2729 315 2785 ΙΙ.
337 2746 375 2786 rte
398 2731 457 2788 telo
484 2732 596 2803 quidem
623 2732 678 2786 ruisi
705 2734 832 2802 cprectic
861 2737 926 2787 cut
954 2728 1077 2787 sutirum
1106 2746 1188 2787 usum
1212 2740 1380 2805 properata,

282 2847 361 2902 quani
382 2831 533 2887 Beroaldus
561 2838 724 2887 correxerat
750 2833 778 2887 in
805 2834 876 2887 hanc
905 2832 1040 2902 vulgatam
1061 2851 1089 2890 re.
1114 2841 1131 2889 t.
1156 2851 1180 2906 p.
1202 2851 1230 2889 n.
1253 2837 1384 2906 opreatic

281 2934 329 2988 cd
348 2931 474 2989 subitum
492 2952 521 2991 c.
540 2951 586 3007 p.‚
609 2934 791 2991 Doederiinns
812 2941 890 2990 reete
921 2935 1049 2991 elicuisse
1076 2935 1124 2992 tihi
1145 2936 1279 2992 videbitur
1306 2955 1334 2993 ra.
1358 2945 1377 2994 t.

281 3053 306 3110 p.
334 3050 362 3091 rr.
388 3051 419 3091 c.
452 3045 517 3093 aet
544 3035 665 3093 subdecan
695 3038 721 3092 in
756 3054 838 3092 usum
864 3055 912 3110 p.‚
949 3045 978 3094 ut
1011 3039 1114 3111 duplex
1142 3039 1258 3095 telorum
1287 3055 1378 3112 genas

283 3141 455 3202 memoretur.
487 3139 594 3196 ¹Addat
615 3141 695 3197 etiam
717 3141 782 3196 aiibi
797 3141 1028 3212 praepositionem
1040 3144 1074 3198 ic
1086 3143 1155 3198 mule
1171 3143 1299 3200 omissam
1308 3159 1380 3201 osse.

283 3242 324 3297 ot.
346 3249 457 3314 practer
473 3243 631 3314 exemplum
659 3261 694 3300 eu
711 3245 750 3299 d.
768 3245 830 3316 tit,
849 3244 900 3300 et.
929 3261 1011 3318 supra
1028 3245 1148 3300 elicium
1175 3245 1208 3300 A.
1231 3245 1296 3317 titi,
1320 3245 1384 3316 25.,

279 3346 325 3401 ubi
347 3346 473 3404 coddic.
496 3347 611 3418 praebet
637 3345 735 3402 dedito
756 3350 834 3420 opud
852 3357 984 3414 secatum
1007 3350 1137 3403 oratione
1152 3347 1275 3403 eamdem
1297 3362 1380 3419 puero

283 3466 303 3503 a
325 3448 425 3505 lilerio
447 3458 602 3522 acceperut
620 3451 735 3506 modum
755 3466 807 3521 pro
819 3451 845 3505 Ιι,
859 3469 887 3507 a.
909 3469 931 3506 s.
945 3467 971 3506 ο.
993 3453 1032 3510 ic
1053 3449 1172 3508 eundem
1186 3457 1240 3506 eto.
1253 3475 1292 3485 —-
1307 3447 1381 3505 Ido'm

282 3551 464 3608 Doederiiuus
487 3551 520 3607 Α.
542 3553 607 3623 itit,
630 3553 680 3608 itt.
702 3553 759 3608 init.
780 3569 832 3624 pro
854 3554 965 3625 vulgata
992 3555 1089 3624 ipncui
1110 3554 1195 3609 animi
1218 3561 1246 3609 et
1267 3553 1380 3611 deridi-

282 3656 349 3710 coin
378 3657 508 3728 corporis
527 3656 617 3727 jurio
643 3657 841 3730 despiciendus
870 3663 967 3728 argute
992 3655 1115 3727 conjecit
1149 3656 1295 3728 legendum
1316 3671 1380 3712 esse

280 3759 394 3828 ipsium
415 3759 499 3813 animi
527 3765 597 3828 etc,
625 3759 702 3829 quia,
715 3776 835 3830 sequens
855 3760 987 3831 particula
1015 3762 1101 3842 iectu
1129 3759 1202 3816 iiiam
1229 3754 1384 3816 reuolutae*

281 3860 458 3919 renationem
487 3860 607 3932 quamvis
637 3863 780 3934 ceteroqui
809 3863 907 3918 'lecito
942 3863 1138 3933 frequentatam
1165 3869 1307 3934 respuat
1338 3861 1382 3918 Oi.

280 3961 313 4018 Α.
335 3963 390 4033 lv,
414 3963 463 4019 58.
484 3963 554 4019 erim.
576 3964 728 4036 Sejcmm,
758 3967 806 4038 qui
833 3982 910 4022 cccc
935 3967 1105 4039 pauentem
1131 3967 1207 4022 senia
1229 3971 1257 4020 et
1278 3965 1378 4036 sepni-

281 4077 536 4089 noo—-q-—o--op—-n-

289 4155 345 4221 ,24)
364 4157 488 4210 Prohavit
505 4167 533 4211 at
550 4159 665 4212 lacobus
689 4159 707 4211 Ι.
725 4159 744 4210 Ι.
762 4159 794 4215 ΙΙ.
809 4177 835 4226 ρ,
856 4158 912 4224 18,
936 4162 1059 4228 quoniam
1084 4161 1167 4220 ineisa
1186 4160 1270 4212 oratio
1297 4161 1380 4226 trepi-

367 4243 425 4293 dum
451 4252 477 4294 et
503 4245 637 4313 singultim
666 4261 751 4311 pauca
768 4246 884 4299 locutum
909 4249 986 4298 unice
1013 4247 1114 4300 decent.
1150 4247 1184 4299 m
1202 4245 1306 4295 Tacitus
1331 4245 1378 4296 Vi-

369 4328 470 4379 tellium
488 4345 540 4381 non
560 4347 593 4382 eo
606 4338 708 4382 terrore
726 4332 875 4397 perculsum
896 4331 1053 4399 descripsit,
1073 4331 1248 4400 quolecobus
1266 4347 1375 4398 segnem

288 4438 293 4444 ·
366 4415 486 4483 alioquin
503 4424 531 4466 et
556 4416 687 4483 torpidum
711 4418 822 4468 animum
842 4416 898 4481 ejus
917 4419 1053 4484 impulsum
1072 4419 1122 4469 sibi
1140 4417 1239 4484 iingcrc
1263 4417 1377 4481 uidetur,

365 4507 394 4550 ut
411 4507 505 4552 auctor
525 4500 607 4568 iprrirm
629 4501 715 4553 verba
738 4502 772 4553 ad
788 4504 930 4570 imaginem
954 4507 1025 4555 vitae
1049 4505 1085 4553 ita
1104 4503 1236 4568 descripta
1254 4505 1376 4566 rcierret,

364 4593 392 4636 nt
410 4585 493 4638 oratio
513 4583 632 4638 Taeiiina
657 4602 773 4639 summae
789 4587 997 4655 perturbationis
1015 4595 1090 4640 notas
1108 4603 1172 4656 prae
1190 4604 1220 4640 se
1236 4588 1326 4645 ferret.

1129 4665 1172 4720 3*
