3525 5500
793 681 829 739 ti

731 764 885 777 Η

263 892 308 963 qni
320 895 436 964 praeter
446 886 608 960 Appuleium
631 884 711 941 mam
724 881 847 939 Tacitum
869 894 886 934 u
908 872 1037 933 Sallustio
1058 868 1236 929 emendatore
1253 868 1365 933 'recopo-

264 994 347 1050 nitum
374 990 544 1063 putaverint,
575 986 732 1059 opinionem
760 981 923 1041 dimetrime
950 976 1014 1035 mibi
1041 974 1148 1033 sideest
1182 968 1274 1030 rsiuut
1301 964 1367 1024 iude

266 1096 360 1151 discas
380 1093 427 1149 rel
446 1093 475 1147 in
496 1090 640 1148 levissimis
666 1090 750 1146 rebus
779 1086 881 1142 undem
909 1094 1041 1151 uunquam
1063 1076 1131 1134 sabe
1156 1078 1237 1133 caute
1259 1076 1289 1129 et
1307 1068 1367 1127 cir-

263 1203 422 1268 cumspecte
443 1196 477 1251 ab
490 1193 642 1252 editoribus
654 1191 701 1262 agi
717 1200 816 1262 passe,
837 1198 949 1256 eosque·
960 1182 1089 1249 criticos,
1113 1176 1157 1249 qut
1178 1188 1299 1234 summae
1317 1170 1365 1225 di-

263 1298 396 1371 ligentiae
416 1296 524 1352 landem
546 1302 575 1351 et
595 1293 757 1349 succurunt
777 1289 916 1347 etmerito
938 1283 1030 1355 adepti
1045 1270 1124 1351 sunt,
1145 1277 1278 1335 interdum
1298 1290 1368 1346 pes·-

264 1403 334 1458 sime
355 1414 474 1472 peecare
499 1394 543 1463 6).
589 1394 668 1465 Quae
698 1408 778 1464 quum
798 1392 837 1449 its
856 1375 1369 1460 sint‚ncndubituudun1est,quin

264 1520 299 1559 es
319 1501 487 1571 auctoritas,
507 1516 590 1570 quam
611 1496 754 1555 codicibus
767 1494 881 1551 distin
899 1490 1037 1549 veteribus
1059 1481 1277 1547 emendatoribus
1300 1494 1368 1535 cor-

263 1605 349 1661 rectis
380 1602 606 1659 Schneidenians
635 1598 774 1655 uindicare
802 1596 919 1667 studuit,
950 1590 1092 1651 codicibus
1122 1585 1210 1643 Taciti
1237 1580 1368 1642 llcdioela

266 1706 427 1778 dmogandu
449 1706 493 1762 sit
535 1701 722 1773 coniecturali
740 1700 825 1771 igitur
846 1698 897 1755 arti
917 1697 948 1755 id
968 1693 1083 1753 dandum
1105 1697 1163 1761 cst,
1190 1693 1221 1743 nt
1241 1691 1317 1744 certe
1338 1684 1367 1743 in

265 1810 366 1865 Tacito
388 1805 563 1864 recensendo
584 1805 684 1876 mimus
709 1809 803 1874 partes
824 1807 906 1872 agat,
929 1814 1009 1870 quum
1029 1793 1190 1868 praesertim
1211 1789 1283 1848 nulla
1304 1802 1371 1858 anes

265 1912 392 1969 novi‘et
421 1909 514 1981 mavis
542 1908 652 1979 quidem
680 1906 768 1962 aridei
793 1903 909 1962 subsidii
937 1902 1009 1959 lacta
1038 1899 1090 1968 sit,
1120 1912 1157 1952 ex
1185 1909 1239 1965 quo
1261 1890 1372 1948 multum

266 2015 382 2069 immus-
412 2010 541 2082 scriptori
572 2015 771 2083 prouenturum·
797 2021 864 2065 esse
888 2006 953 2077 jnre
986 1998 1177 2076 expectaveris
1203 1990 1255 2063 ⁷),
1310 1992 1374 2064 ⁰9⁹

271 2159 527 2174 ..affl

304 2279 337 2348 6)
356 2279 428 2331 Hanc
447 2278 657 2347 disquisitionem
676 2276 709 2327 de
728 2275 846 2327 Sallustii
870 2268 1056 2338 recognitione
1076 2264 1158 2315 Taciti
1175 2260 1227 2327 jam
1245 2260 1372 2321 finieram,

355 2382 433 2433 quum
457 2363 576 2416 Lerschii
606 2363 852 2415 commentationem
882 2357 916 2408 de
939 2356 1116 2407 Romanorum
1142 2356 1275 2401 auctorum
1299 2342 1374 2395 libris

356 2437 562 2535 διορθῶτοις
597 2450 743 2500 novissimo
779 2442 909 2497 [asciculo
944 2440 1026 2492 llusei
1061 2438 1186 2490 Societat.
1210 2433 1372 2497 inaccepta

355 2537 440 2590 liben.
459 2544 487 2588 et
505 2534 657 2603 Gnestpbsl.
675 2535 800 2585 insertam
819 2546 835 2583 a
852 2527 1248 2590 o.m.1rermann0„quoenn
1264 2524 1376 2570 sentcn-

356 2624 422 2673 tium
449 2636 536 2675 meam
559 2621 830 2681 communicaveram,
854 2614 957 2680 accepi.
1004 2612 1050 2665 Vir
1068 2608 1242 2661 doctissimus
1265 2602 1378 2661 internis

356 2706 464 2776 quiden
488 2706 648 2782 argumentis
671 2720 764 2772 purum
779 2700 923 2755 verisimile
948 2714 1008 2759 esse
1028 2695 1138 2764 probat,
1157 2692 1241 2749 Taciti
1259 2689 1341 2739 libros
1361 2702 1377 2737 u

359 2793 483 2842 Sallustio
503 2791 656 2842 emendatos
675 2805 749 2855 esse3
773 2804 862 2856 neque
886 2801 951 2837 vero
972 2785 1101 2850 originem
1120 2776 1203 2830 falsae
1222 2777 1296 2827 istius
1316 2773 1377 2839 opi-

359 2877 447 2928 nionis
466 2876 566 2942 aperit,
591 2873 639 2924 sed
656 2871 811 2923 satishabet
829 2871 955 2933 credere,
974 2865 1137 2933 casualiquo
1157 2861 1377 2927 subscriptionem

361 2961 478 3013 Sallustii
497 2976 530 3011 ex
547 2957 670 3026 Appulcji
689 2958 785 3010 codice
796 2957 861 3009 llsto
879 2957 905 3008 in
925 2955 1069 3006 Tacitinum
1083 2949 1212 3019 quendam
1230 2948 1378 3012 irrepsisse.

358 3047 462 3101 Etenim
490 3049 610 3116 ignorat,
636 3047 664 3096 in
692 3043 766 3097 nullo
789 3043 873 3096 Taciti
898 3041 994 3096 codice
1017 3039 1135 3092 Sallustii
1158 3034 1380 3100 subscriptionem

359 3134 536 3202 reaerulapi,
553 3129 820 3184 nedumiublcdiceo
839 3127 1036 3200 langobardicis
1054 3126 1138 3178 literis
1154 3129 1271 3176 exarato.
1303 3118 1380 3172 Errat

364 3222 435 3272 etin
455 3236 506 3284 eo,
530 3219 601 3288 quod
619 3218 674 3275 1.1.
702 3234 730 3286 p.
753 3214 787 3268 ³6
811 3224 876 3270 extr.
902 3215 979 3277 dicit,
1005 3212 1153 3278 complures
1172 3208 1282 3260 codices
1298 3205 1379 3255 llstoa

362 3304 446 3354 Taciti
470 3320 485 3354 a
513 3303 632 3355 Bandino
656 3304 676 3360 l.
697 3303 717 3360 l.
740 3320 766 3370 p.
782 3301 835 3353 834
860 3311 886 3353 et
909 3299 961 3354 836
981 3297 1137 3352 enumerari.
1171 3293 1200 3344 ln
1217 3289 1381 3342 bibliotheca

361 3389 676 3441 mediceo-laurentiana
694 3387 778 3438 Taciti
796 3387 862 3439 duos
880 3395 981 3438 tantum
1001 3384 1110 3436 codices
1128 3379 1208 3430 lllstos
1228 3384 1317 3427 extare
1335 3389 1381 3424 re·

362 3477 414 3528 lert
430 3475 581 3538 Bandinus3
598 3482 737 3541 utrumque
754 3475 782 3523 in
799 3489 853 3524 uno
880 3472 1029 3538 eodemque
1046 3467 1152 3535 pluteo,
1170 3459 1305 3514 illvm-⁰
1328 3459 1382 3511 sci·

365 3563 446 3626 lieet,
463 3569 596 3614 servatam
614 3559 741 3611 describit
757 3575 785 3626 p.
804 3557 855 3612 att
874 3573 934 3626 sqq.
952 3563 981 3608 et
997 3571 1024 3622 ps
1041 3549 1093 3608 834
1110 3567 1168 3619 sqq.
1203 3548 1236 3600 lli
1254 3553 1313 3600 sunt
1332 3561 1382 3597 co·
1425 3559 1432 3572 ¹

366 3647 440 3700 dices
458 3646 567 3711 illi„dc
579 3646 675 3713 quibus
691 3661 771 3712 snpra
789 3643 894 3699 rettuli:
913 3645 936 3697 is
953 3658 1019 3706 uero
1033 3639 1116 3694 Taciti
1134 3637 1235 3700 codex,
1253 3634 1297 3702 qni
1310 3630 1383 3697 ejus·

363 3734 423 3788 dein
433 3735 519 3802 plutei
535 3734 628 3784 tertius
642 3749 658 3784 a
674 3732 795 3785 Bandino
809 3738 921 3786 vocatur
932 3738 958 3780 et
975 3745 1001 3796 p.
1018 3723 1069 3782 836
1088 3742 1127 3794 sq.
1139 3721 1310 3782 describitur,
1328 3731 1382 3770 non

363 3837 442 3871 manu
460 3821 571 3888 scriptus
596 3826 651 3882 est,
670 3818 718 3872 sed
734 3820 804 3884 typis
823 3833 949 3879 excusum
968 3823 1008 3866 est
1027 3815 1095 3864 enim
1115 3809 1196 3863 editio
1214 3803 1350 3859 Beroaldi.

295 3905 328 3970 T)
346 3903 474 3973 Subjungi
495 3905 585 3972 placet
609 3901 731 3969 Seyfferti
749 3902 847 3967 verba,
871 3917 939 3971 quae
965 3901 1145 3952 felicissimam
1163 3893 1297 3948 Tacitinae
1322 3905 1385 3943 ora-

365 3991 446 4042 tionis
458 3991 632 4041 imitationem
641 3988 796 4056 produnt.ls
810 3989 879 4040 enirn
892 3987 918 4038 in
930 3985 1058 4039 fasciculo
1069 3987 1152 4052 primo
1164 3981 1384 4034 Emendationnm

367 4075 548 4139 Tneitearum,
572 4091 649 4143 quem
677 4073 707 4130 G.
731 4076 774 4126 Fr.
794 4076 954 4126 llermannus
981 4089 1029 4140 pro
1047 4072 1208 4122 humanitate
1235 4083 1282 4119 sua
1300 4078 1385 4130 nuper

365 4163 523 4225 transmisit,
541 4161 629 4215 Praei.
647 4178 673 4228 p.
691 4161 734 4212 Vl.
751 4161 820 4213 baec
837 4160 917 4214 dicit:
941 4157 1012 4209 Abiit
1024 4161 1082 4222 jaim
1099 4168 1211 4225 tempas,
1235 4171 1285 4220 pao
1309 4166 1385 4201 serus

366 4247 486 4300 testem
502 4256 629 4314 impsum
643 4255 766 4315 pactum
779 4245 906 4314 mandam
924 4263 956 4296 sc
975 4241 1054 4296 Godd.
1070 4244 1179 4296 uerbere
1196 4239 1304 4292 licebat.
1322 4274 1355 4294 a.
1376 4272 1385 4289 .

368 4336 457 4398 Quare
474 4337 637 4399 conjectasse
653 4335 683 4384 iu
709 4333 792 4385 Taciti
805 4334 912 4400 scriptis
933 4348 987 4382 nost
1010 4339 1153 4391 esnensis,
1178 4327 1223 4378 scd
1242 4325 1385 4393 privitan-ias

366 4421 455 4484 loeas,
470 4437 519 4473 neo
535 4424 663 4472 immam
694 4423 803 4486 §emam
817 4421 942 4488 precaria
958 4420 1027 4481 citu,
1038 4431 1040 4437 ·
1051 4418 1098 4468 sad
1117 4421 1227 4482 repuens
1243 4421 1320 4479 utque
1334 4427 1385 4478 po-

295 4539 299 4544 ·
368 4511 457 4563 teatin.
490 4508 610 4576 merda
638 4516 724 4561 osten
752 4515 828 4573 ntpae
844 4505 956 4557 didids'ni
974 4504 1096 4572 ponimus
1119 4515 1256 4567 rapuerant
1272 4497 1384 4565 inpendo.

369 4598 457 4660 Quare
473 4596 540 4663 iopes
555 4596 702 4664 ponendae,
719 4592 812 4662 potis·
828 4609 958 4648 coerceas.
1013 4618 1015 4626 ·
