3525 5500
925 668 964 725 25

387 881 455 936 cuc3
477 882 503 922 5.
528 865 574 923 19.
597 872 761 941 spernuntur
787 870 970 925 5555555555
992 866 1162 941 tribunique,
1185 884 1222 924 ac
1243 883 1279 925 nc
1305 882 1364 923 nou
1388 865 1488 921 55555-

388 985 475 1041 quam
496 971 648 1042 audiatur,
677 972 837 1044 quatiuntur
858 988 941 1027 arma
969 973 1083 1045 rupturi
1103 972 1265 1044 imperium,
1295 971 1326 1025 ai
1346 970 1491 1026 ducantur

387 1086 440 1144 pro
463 1076 596 1146 quatiunt
617 1089 700 1129 unna
722 1077 836 1147 coepturi
855 1076 1020 1147 imperium,
1042 1076 1074 1131 ui
1094 1075 1246 1131 ducuntur:
1282 1072 1313 1129 O.
1337 1071 1386 1127 32.
1409 1070 1490 1128 codd.

387 1174 440 1230 lla.
456 1175 486 1231 0.
500 1176 532 1231 Η.
547 1177 591 1233 ed.
603 1176 673 1249 Spir.
686 1178 825 1233 55155555
838 1179 1065 1250 majoremopuru
1075 1178 1168 1249 specie
1180 1174 1224 1240 (0.
1236 1174 1268 1230 ll.
1284 1174 1327 1230 ed.
1335 1174 1405 1245 Spin.
1420 1182 1490 1247 'spe-

389 1273 474 1341 ciem)
497 1278 687 1351 exbibentpro
699 1280 810 1350 vulgata
823 1280 888 1336 iude
903 1280 1062 1337 allbenauo
1077 1279 1198 1336 lectione
1213 1296 1237 1335 c.
1251 1279 1390 1349 majorum
1408 1292 1492 1349 opum

387 1382 495 1454 specte,
512 1388 557 1437 aut
571 1408 611 1421 ·-
624 1382 653 1437 id
667 1381 741 1452 quod
752 1382 1022 1456 equidemprobarim
1040 1379 1092 1445 ¹⁷)
1107 1398 1213 1454 -pro
1227 1381 1348 1437 lectione
1361 1378 1442 1436 codd.
1459 1378 1490 1435 a.

389 1482 440 1540 0a.
462 1483 524 1539 edd
546 1484 605 1540 Pnt.
627 1500 643 1539 a
664 1483 791 1541 Broterio
813 1493 944 1542 revocato
967 1504 991 1542 c.
1013 1486 1123 1557 majore
1141 1500 1225 1557 opum
1245 1486 1346 1556 specta
1375 1481 1492 1537 ·Eteuim

386 1594 520 1658 sequente
541 1588 628 1642 lorma
650 1604 735 1660 upum
757 1588 893 1659 genitivus
914 1588 1055 1660 majorum
1076 1604 1132 1643 uon
1153 1592 1207 1643 tam
1228 1586 1310 1642 facile
1330 1586 1358 1640 iu
1372 1600 1491 1641 scensa-

387 1690 470 1746 tivum
491 1690 658 1761 mutabatur,
681 1706 761 1761 quum
782 1691 914 1749 ablativus
935 1693 1045 1763 majore
1068 1690 1158 1747 additu
1180 1690 1259 1745 litera
1280 1704 1308 1744 m
1329 1689 1356 1743 iu
1372 1702 1492 1744 accucu-

385 1792 433 1849 tivi
445 1793 560 1848 formam
581 1793 722 1865 uansibst,
745 1794 821 1849 cuius
842 1810 935 1849 ansam
950 1794 1031 1849 dabat
1043 1794 1213 1849 accusativus
1226 1792 1342 1849 nominis
1360 1791 1491 1847 substant.

384 1895 511 1967 prasium
540 1896 728 1953 antecedentis
755 1897 906 1953 calcatam.
930 1922 969 1933 --
1002 1895 1032 1953 G.
1055 1894 1104 1952 35.
1128 1895 1209 1952 codd.
1232 1895 1283 1951 blo.
1311 1890 1345 1960 (a
1372 1910 1414 1965 pr.
1436 1888 1490 1959 m.)

281 2050 286 2059 ,
385 1996 570 2054 &exhibent
590 2015 609 2053 5
627 2000 785 2072 primordio
806 2014 860 2055 suo
876 2014 928 2071 pro
951 2015 971 2054 a
988 1996 1144 2071 primordio
1166 1998 1219 2053 sul.
1263 1996 1294 2053 ll.
1317 1996 1364 2067 lV,
1389 1993 1439 2050 al.
1462 2002 1491 2051 et

381 2101 546 2174 praefectus
569 2104 693 2159 cohortis
715 2104 831 2174 wican,
854 2100 983 2175 Alpinius
997 2102 1148 2158 Montanus
1169 2116 1222 2172 pro
1245 2107 1274 2155 et
1291 2116 1323 2171 p.
1338 2115 1363 2155 c.
1379 2099 1491 2154 enicas

387 2210 440 2260 ete.
470 2204 501 2260 c.
525 2204 575 2261 53.
597 2206 666 2262 deos
684 2214 836 2279 pinnatus,
858 2206 902 2261 uti
917 2213 1029 2278 coeptas
1048 2210 1253 2277 prosperarent
1273 2202 1411 2273 sedesque
1424 2216 1491 2256 suus

382 2308 493 2381 pietate
520 2308 663 2363 bominum
690 2308 840 2364 inchoatas
871 2309 969 2363 diuina
991 2324 1044 2379 ope
1067 2308 1235 2363 attollerent
1263 2320 1313 2377 pro
1335 2306 1362 2361 d.
1380 2322 1409 2377 p.
1416 2347 1425 2375 ‚
1448 2305 1491 2360 ati

385 2416 489 2481 coepta
504 2394 568 2465 'ete
590 2409 621 2464 ll.
638 2411 673 2480 V,
696 2409 726 2467 9.
749 2410 950 2465 cicilic'ntcrno
974 2408 1049 2465 bello
1065 2425 1116 2481 pro
1138 2410 1217 2465 cius'b
1236 2410 1312 2463 inter
1332 2423 1385 2463 nos
1407 2404 1490 2464 bello.

387 2510 418 2567 (l.
440 2511 505 2567 eod.
520 2517 590 2567 extr.
603 2511 733 2568 Drusilla
746 2514 778 2567 in
788 2514 967 2567 5555555555
978 2520 1096 2585 accepts
1107 2528 1158 2583 pru
1174 2511 1223 2567 Dr.
1237 2514 1269 2566 in
1280 2511 1491 2566 matrimonium

387 2622 518 2692 accepta
563 2613 592 2669 (l.
618 2613 666 2670 15.
689 2614 755 2671 totis
776 2616 838 2670 ttttc
859 2615 1023 2688 corporibus
1045 2617 1168 2671 nitentes
1188 2613 1346 2669 5555555555
1360 2616 1424 2671 wan
1438 2614 1490 2667 tn-

386 2717 473 2790 tcpris
500 2759 626 2775 .....
648 2716 870 2792 inplicabantur
890 2734 942 2790 pro
964 2718 1109 2775 uulnerati
1137 2732 1202 2774 cum
1221 2717 1340 2788 intectis
1362 2757 1370 2772 .
1392 2759 1399 2772 .
1422 2757 1430 2772 .
1452 2735 1490 2773 ¹..

386 2819 614 2894 inplicabantur.
652 2821 682 2877 0.
695 2821 745 2878 20.
767 2822 851 2878 lectio
874 2822 956 2878 codd.
970 2822 1102 2880 bistonum
1123 2829 1156 2877 ut
1163 2821 1309 2894 praesidia
1324 2819 1489 2890 cobortlcuu,

386 2925 501 2980 alaram
516 2965 523 2980 .
539 2966 566 2980 ..
582 2965 589 2980 .
608 2926 816 2999 quadripartita
836 2926 975 2982 invaserit
997 2925 1098 2982 eodem
1117 2923 1216 2979 mendo
1239 2922 1336 2977 allecta
1358 2928 1410 2992 est,
1435 2937 1489 2992 qua

387 3027 460 3098 apud
480 3025 537 3084 Liv.
558 3027 607 3098 lV,
635 3027 685 3083 59.
708 3028 771 3085 cod
796 3028 946 3085 Vossianus
967 3029 1084 3099 primus,
1115 3026 1159 3096 qui
1187 3023 1302 3096 praebet
1331 3025 1491 3096 tripartitos

387 3129 428 3185 ad
453 3129 645 3186 deuastandos
664 3132 737 3203 fines
758 3132 914 3187 discessere
934 3145 986 3202 pro
1009 3129 1151 3202 tripartito
1179 3131 1231 3182 ete.
1281 3125 1328 3182 Sic
1360 3125 1388 3179 in
1409 3123 1491 3182 Caes.

386 3231 418 3288 B.
442 3230 473 3288 (i.
495 3232 517 3304 1,
541 3232 590 3289 25.
604 3233 746 3291 Ernestius
768 3251 785 3291 e
806 3235 928 3307 pluribus
950 3233 1031 3289 codd.
1054 3231 1130 3288 llstis
1150 3229 1251 3287 variam
1272 3228 1418 3285 lectionem
1441 3224 1491 3281 tt-

383 3337 492 3410 partita
513 3337 592 3409 ripun
612 3339 772 3394 intulerunt
791 3353 843 3409 pro
859 3337 989 3410 bipartito
1011 3335 1097 3392 affert.
1120 3333 1217 3391 Tribus
1232 3333 1274 3388 his
1296 3332 1367 3388 locis
1388 3329 1494 3386 librarii*

387 3437 640 3496 lormamvocabuli
662 3437 796 3513 bipartito
818 3446 864 3496 sut
886 3441 1030 3513 tripartito
1053 3445 1098 3494 aut
1116 3437 1325 3511 quadripartito
1340 3433 1375 3490 ad
1389 3431 1490 3505 proxi-

388 3555 458 3596 mum
479 3557 578 3598 nomen
599 3543 684 3599 subst.
707 3543 928 3600 accomodarent.

492 3643 560 3701 item
579 3645 647 3716 Agr.
672 3645 721 3702 37.
744 3647 828 3702 llstus
850 3645 914 3701 eod.
935 3645 995 3702 Vat.
1012 3641 1104 3700 ttae.
1128 3643 1239 3700 exbibet
1259 3643 1291 3696 in
1302 3640 1401 3711 lupam
1418 3653 1490 3693 aar·

388 3744 427 3802 sis
437 3761 498 3802 non
509 3748 664 3819 affininibus
677 3765 728 3819 pro
750 3750 782 3803 ia
800 3737 901 3820 fupurn
921 3749 1005 3818 uersi,
1027 3763 1086 3802 non
1100 3743 1266 3819 apmiru'bus.
1281 3742 1349 3813 ngr.
1366 3739 1415 3796 te.
1427 3739 1489 3796 edd.

389 3854 454 3905 vett.
477 3850 607 3906 exhibent
632 3850 679 3906 bic
706 3852 779 3906 altus
807 3866 895 3922 opens
920 3851 1042 3923 populus
1068 3866 1120 3921 pro
1149 3846 1338 3906 emendatione
1365 3843 1435 3900 Rivii
1463 3847 1491 3898 et

389 3951 512 4007 llbeuaui
537 3951 688 4008 1555ἱί55
708 3969 797 4024 aptus
814 3953 955 4026 populus,
984 3969 1062 4023 quam
1090 3952 1170 4009 codd.
1193 3951 1268 4008 listis
1290 3951 1363 4007 Vutt.
1393 3945 1491 4002 firmari

389 4069 427 4112 ex
447 4052 557 4111 silentio
578 4051 761 4126 lluggiorsnii
782 4061 811 4112 et
831 4054 978 4112 Clementis
1001 4071 1060 4111 cum
1081 4054 1204 4112 Dronkiu
1227 4053 1354 4126 colliges.

425 4318 471 4384 lt)
490 4319 566 4375 Nunc
583 4321 664 4374 video
677 4323 756 4373 etiam
773 4321 873 4376 Jacobo
886 4324 912 4374 in
924 4321 1002 4376 0555.
1020 4325 1054 4376 ad
1069 4323 1129 4380 Tac.
1148 4325 1179 4384 ll.
1195 4327 1264 4384 critt.
1281 4326 1343 4380 Part
1359 4327 1390 4382 11.
1400 4343 1426 4396 p.
1448 4327 1489 4383 15.

475 4405 618 4459 lectionem
644 4407 707 4458 edit.
731 4406 834 4463 Broter.
860 4409 977 4476 probari.
1023 4409 1153 4478 Puteum,
1171 4414 1269 4482 iuquit,
1299 4415 1444 4478 coloniam,
1462 4422 1491 4466 ut

474 4489 517 4556 bt,
534 4495 646 4546 traxisse
664 4487 825 4559 adjectivum
851 4495 1010 4564 insequens,
1028 4497 1191 4550 reddendum
1206 4513 1255 4552 suo
1273 4499 1373 4552 nomini
1390 4499 1489 4570 specle:

473 4591 505 4630 aa
522 4579 608 4645 euim,
624 4580 746 4648 species,
763 4581 847 4633 maior
863 4580 963 4634 divitiis
980 4582 1062 4642 veris.
