3525 5500
805 688 823 743 b

737 764 892 779 *n—

264 886 346 957 paulo
368 885 499 943 liberiore
520 884 627 942 ratione
641 885 693 957 nsi,
716 901 753 942 ex
774 882 1018 955 arebetppiverbis
1041 884 1176 957 corruptis
1191 885 1367 955 qualemcun-

265 1006 318 1059 que
339 1006 449 1046 sensnm
468 989 587 1060 quamvis
609 995 791 1060 praepostere
805 987 908 1043 elicere
930 986 1169 1054 satis-babuerunt
1190 988 1310 1061 ideoque
1333 986 1367 1041 ad

263 1091 344 1147 fidem
365 1092 484 1149 biedicei
505 1090 630 1163 proxime
646 1088 788 1146 accedunt.
833 1088 992 1145 Temerarlo
1007 1096 1095 1145 autem
1117 1090 1207 1146 studio
1231 1099 1258 1147 et
1282 1090 1366 1148 clire-

266 1201 329 1249 nata
351 1194 514 1251 emendandi
535 1193 647 1249 libidine
668 1194 703 1247 ad
726 1184 891 1263 corrigenda
914 1192 977 1247 vitia
1000 1193 1054 1247 aeti
1077 1198 1157 1263 atque
1178 1194 1291 1265 ingenio
1314 1212 1365 1251 sno

264 1314 299 1353 ac
320 1298 463 1354 doetrinae
491 1296 571 1352 nimia
596 1297 772 1367 indulgentes
800 1295 901 1351 librarii
923 1296 1041 1352 familiae
1062 1296 1215 1351 [leunensis
1235 1298 1262 1353 in
1284 1300 1368 1356 verba

263 1399 350 1455 Taciti
371 1400 532 1471 pleramque
561 1398 725 1455 calicentia
748 1398 967 1469 praesamant,
998 1406 1042 1469 ut,
1071 1399 1145 1454 sibi
1167 1400 1284 1456 cedices
1309 1402 1363 1459 soli

262 1502 321 1559 fato
343 1503 425 1559 nobis
446 1503 575 1558 concessi
596 1508 705 1572 emeat,
728 1517 857 1572 nusquam
879 1501 956 1572 iere,
980 1501 1043 1573 quid
1071 1502 1099 1557 in
1121 1503 1271 1574 archetypo
1293 1505 1367 1577 ipso,

262 1605 363 1661 nedum
386 1605 450 1676 qnid
470 1606 499 1661 in
520 1605 632 1676 integro
645 1620 679 1660 ac
700 1604 822 1675 genuino
836 1604 922 1659 Taciti
945 1611 1022 1661 texta
1044 1604 1178 1676 cxliterit3
1208 1606 1366 1677 conjectura

263 1709 374 1779 asstmri
407 1724 561 1780 possemus.
611 1707 671 1762 Etsi
700 1707 783 1779 igitur
810 1707 838 1762 bl
872 1707 1011 1765 rarissime
1038 1722 1132 1764 ueram
1161 1708 1218 1764 loci
1246 1716 1366 1765 naturam

163 1887 165 1890 Ι
261 1818 429 1883 aperuerunt
448 1827 482 1865 ac
503 1809 642 1881 pristinam
663 1816 692 1865 et
712 1811 857 1880 genuinam
879 1810 1039 1881 scripturam
1060 1801 1253 1883 restituerunt,
1276 1819 1366 1868 tamen

260 1920 306 1969 est
327 1912 535 1969 concedendum
555 1912 674 1968 ldedioei
702 1912 839 1967 librarium
859 1914 993 1971 aerumnis
1016 1930 1049 1970 ac
1070 1914 1223 1971 sententiae
1243 1915 1367 1985 ignarum

263 2015 413 2087 secordia,
435 2015 595 2086 nectenda,
617 2015 793 2071 festinatione
815 2016 949 2071 interdum
978 2030 1088 2073 errores
1112 2017 1206 2073 calami
1228 2018 1299 2074 ultro
1320 2018 1366 2073 in·-

259 2119 372 2190 tdbse,
396 2131 465 2190 qnos
492 2118 592 2190 reliqui
613 2118 721 2190 pridem
742 2120 869 2176 sensibus
898 2120 993 2176 intanti
1022 2134 1073 2191 pro
1102 2120 1200 2191 peritia
1229 2134 1279 2176 aaa
1301 2134 1365 2177 ser-

260 2222 349 2279 monis
372 2222 446 2278 lebni
467 2222 616 2295 prudenter
636 2222 753 2279 ritarint.
1324 2207 1329 2261 ἶ

275 2312 282 2323 ’
362 2324 443 2394 uuae
465 2342 544 2397 num
557 2326 595 2382 re
608 2324 826 2396 antummum
839 2324 969 2383 inuram
984 2325 1028 2381 en.
1043 2324 1130 2381 nean.
1147 2340 1173 2396 p.
1193 2325 1262 2381 aar.
1285 2332 1374 2381 reem

260 2429 406 2501 judicarit,
435 2429 560 2485 ensibus
594 2408 739 2485 cedebas
768 2428 960 2499 comparandis
990 2428 1055 2483 nibil
1084 2428 1157 2484 alind
1178 2428 1251 2484 ellici
1277 2438 1366 2500 posse

264 2548 337 2601 qnam
359 2539 405 2603 ιι,
428 2531 540 2603 qnidin
561 2547 617 2587 nno
639 2531 687 2586 illo
710 2530 886 2601 apographo,
908 2530 981 2586 unde
1002 2531 1021 2587 il
1042 2531 1182 2602 venerint,
1205 2531 1295 2603 suerit,
1317 2534 1363 2587 in·-

260 2635 408 2696 vsniaums.
451 2636 498 2691 Sic
523 2635 609 2706 prima
636 2634 722 2690 iacies
743 2634 811 2689 vitio
840 2633 928 2704 redit,
958 2634 1034 2705 culus
1056 2634 1185 2690 memoria
1200 2636 1366 2707 plerumque

260 2738 368 2794 codicis
389 2738 508 2794 bledieei
528 2737 664 2795 beaelicio
687 2735 768 2792 nobis
786 2743 895 2793 servata
917 2744 967 2794 esl.
1012 2738 1079 2793 Tum
1101 2736 1206 2794 demum
1228 2739 1286 2794 llen'
1308 2755 1364 2811 po-

258 2847 331 2910 test,
352 2846 383 2895 nt
403 2839 562 2902 examinatis
585 2846 613 2894 et
633 2840 778 2910 perpensis
800 2840 941 2912 archetypi
963 2841 1102 2896 erroribus
1124 2855 1157 2896 ac
1178 2841 1282 2897 mendis
1304 2843 1364 2914 pri-

258 2942 356 2998 stinam
379 2947 409 2998 et
433 2941 568 3013 integram
591 2941 678 2997 Taciti
704 2941 857 2998 orationem
879 2931 999 2998 feliciter
1018 2959 1055 3000 ex
1076 2947 1148 2999 mota
1171 2951 1262 3000 textus
1287 2947 1362 3001 ruine

258 3045 395 3100 restituas.
437 3045 524 3100 Simul
544 3045 610 3101 inde
639 3045 775 3117 colligas,
787 3072 790 3077 ·
802 3045 831 3102 id
859 3047 934 3117 quod
955 3047 1026 3103 inter
1047 3047 1218 3108 recentiores
1241 3048 1362 3105 editores

258 3147 397 3218 constitit,
427 3148 598 3204 fundamenta
626 3150 830 3221 recensionis‚‘
847 3150 955 3221 qnando
985 3167 1029 3207 ars
1060 3151 1152 3208 critica
1183 3151 1264 3207 codd.
1287 3151 1364 3208 listis

259 3250 377 3306 familiae
399 3267 470 3320 qaae
490 3251 587 3306 dieitm
609 3251 761 3307 Genaensis
792 3259 820 3308 et
842 3253 1007 3310 edilionihus
1029 3255 1312 3327 Puteolaniwnitatnr,
1335 3257 1361 3310 in

257 3368 339 3409 arena
361 3369 426 3408 esse
453 3353 561 3423 posita,
591 3359 672 3423 atque
693 3354 778 3410 libros
801 3355 870 3426 Reg.
901 3357 1012 3412 Farnes.
1043 3360 1113 3414 Vatt.
1140 3357 1231 3414 leus.
1261 3355 1361 3413 deon

258 3455 341 3512 (lorb.
363 3454 436 3526 Agr.
459 3454 541 3511 Vind.
570 3454 642 3526 Spir.
669 3455 799 3511 bactenus
822 3464 922 3511 tantum
945 3459 1059 3529 alicujus
1080 3461 1161 3532 pretii
1184 3477 1265 3531 esse,
1289 3463 1363 3532 quod

258 3559 338 3614 iidem
352 3558 470 3614 llledieei
492 3573 631 3614 consensu
651 3565 781 3630 augeant,
803 3559 850 3615 vel
872 3549 946 3629 quod
968 3561 1223 3634 interpolationibus
1244 3562 1362 3620 leonillae

259 3661 410 3717 (lunensis
432 3662 459 3716 in
481 3662 592 3733 vulgata
614 3662 704 3718 adbuc
725 3662 802 3718 mnus
824 3663 907 3718 anxie
928 3665 1043 3720 servatis
1066 3669 1236 3726 excutiendis
1252 3669 1295 3747 ibi
1317 3670 1362 3726 in-

257 3765 392 3835 serviant,
420 3764 468 3820 ubi
488 3765 629 3821 lledicsns
657 3766 763 3822 lacunis
791 3765 919 3825 foedatus
947 3773 990 3823 est
1021 3775 1066 3822 ant
1088 3777 1183 3840 aperte
1204 3780 1303 3844 peccat
1324 3775 1362 3830 ti·

256 3867 394 3938 tabatque.
437 3866 564 3939 Denique
583 3875 675 3940 patet,
697 3885 753 3940 quo
776 3869 934 3940 diligentius
955 3875 984 3924 et
1004 3871 1162 3942 religiosius
1189 3875 1250 3931 libri
1272 3877 1364 3932 bledl-

259 3970 370 4041 celet,
393 3970 485 4041 quoad
505 3971 589 4042 licet,
612 3978 767 4028 ceterorum
787 3972 905 4031 familiae
927 3973 1066 4030 Romae
1088 3975 1214 4032 codicem
1235 3976 1361 4050 vesanum

255 4071 400 4143 instemus,
423 4089 459 4130 eo
482 4074 821 4132 eardorememendandi
837 4083 866 4132 et
888 4093 953 4132 aera
977 4075 1142 4148 conjiciendi
1163 4079 1234 4136 viam
1255 4097 1289 4138 ac
1309 4070 1362 4138 ra-'

255 4174 356 4230 tionem
385 4191 438 4231 nos
464 4175 643 4246 ingressuros
673 4194 755 4249 esse,
776 4185 859 4249 atque
880 4179 997 4236 blediaei
1019 4181 1167 4238 lectionem
1189 4184 1288 4254 ubique
1310 4201 1364 4242 re·-

256 4278 381 4335 censleni
402 4295 455 4351 pro
481 4277 656 4338 fundamento
686 4281 883 4351 subjiciendam
906 4299 983 4356 esse,
1006 4285 1042 4341 ila
1065 4293 1094 4341 ut
1122 4293 1177 4340 tum
1200 4286 1304 4342 demum
1326 4289 1361 4344 ab

255 4396 288 4436 ea
316 4382 496 4454 recedamus,
533 4399 613 4454 onum
657 4390 703 4439 ant
737 4385 895 4442 certissimis
928 4387 995 4443 artis
1025 4389 1216 4460 grammaticae
1246 4390 1366 4462 legibus*

254 4489 301 4538 aat
322 4483 410 4540 'taciti
431 4486 530 4556 generi
549 4486 690 4544 scribendi
709 4493 740 4544 et
760 4489 821 4546 usai
842 4493 889 4546 aul
909 4489 1021 4548 iadublo
1050 4507 1084 4548 ao
1106 4494 1273 4550 necessario
1289 4505 1354 4550 ora·

254 4585 340 4660 tionis
358 4587 452 4646 senmi
472 4589 641 4648 adram.
708 4594 712 4600 “
