3525 5500
795 657 834 714 63

744 741 893 754 a———q-—n-

275 857 435 928 lignitatem
464 863 492 912 et
518 855 684 928 majestatem
714 855 863 926 orationis,
893 854 1037 912 memorari
1066 860 1216 926 oportere,
1243 859 1274 910 et
1301 868 1374 910 cou-

266 956 389 1025 junctiro
417 961 533 1016 deceret
561 959 626 1014 illud
653 967 681 1014 et
711 975 785 1030 quae
814 957 924 1028 requiri.
968 956 1009 1012 (tl.
1033 955 1066 1012 Α.
1087 957 1128 1027 ΙΙ,
1150 955 1201 1011 88.
1223 955 1369 1012 Arminius

270 1061 337 1118 dolo
355 1064 580 1136 propinquorum
602 1063 721 1130 cecidit,
751 1059 889 1118 liberator
917 1060 996 1116 laud
1024 1058 1108 1117 dubie
1131 1059 1318 1130 cernuum,
1340 1067 1374 1116 et

272 1167 334 1236 pul
362 1181 421 1222 non
443 1167 602 1239 primordia
629 1166 730 1238 populi
759 1165 897 1233 Roaiam,
925 1167 999 1218 ricut
1026 1164 1079 1220 alii
1105 1179 1188 1233 repes
1217 1163 1371 1236 ducesque,

269 1268 321 1324 sed
347 1267 575 1340 narentanorum
602 1270 750 1341 imperium
779 1267 1032 1323 lacessierit..
1064 1264 1099 1322 A.
1120 1264 1197 1334 XVI,
1228 1264 1277 1322 28.
1301 1272 1370 1322 extr.

269 1385 305 1426 ne
327 1370 467 1428 mannan
480 1368 559 1427 loom
571 1369 694 1444 publicis
704 1378 857 1440 maestum,
881 1377 917 1425 et
938 1370 997 1441 qui
1017 1368 1095 1439 fora,
1117 1368 1245 1438 tleatre,
1267 1370 1372 1441 temple

266 1488 321 1546 pro
343 1473 497 1530 solitudine
519 1472 691 1544 iuberet,
723 1475 771 1546 pai
791 1475 974 1545 minitaretur
1000 1473 1133 1528 ecsilium
1155 1488 1253 1541 suum,
1275 1469 1372 1527 amli-

273 1576 357 1631 tionia
375 1592 488 1648 prauae
510 1585 666 1650 compotem
679 1577 820 1648 lacerent.
863 1575 894 1630 ll.
917 1575 945 1646 1,
970 1573 1018 1630 10.
1041 1576 1130 1630 oariis
1150 1572 1293 1632 illecebris
1310 1592 1371 1646 po·

265 1682 349 1749 terrm
372 1687 409 1734 et
431 1681 492 1734 cui
514 1681 674 1752 expeditius
694 1679 820 1750 fuerit
842 1679 957 1733 tradere
978 1680 1127 1751 imperium
1139 1693 1224 1750 man
1234 1675 1371 1733 obtinere.

270 1781 301 1836 ll.
323 1781 376 1852 ΙΙΙ,
400 1781 430 1838 9.
461 1783 567 1854 lepiarei
595 1781 723 1838 tribunus
757 1782 910 1854 Vipstanus
937 1781 1064 1838 lleaaula
1096 1788 1253 1857 praeerat,
1282 1781 1371 1837 elaris

265 1883 438 1956 mumius,
461 1887 592 1958 eprepius
612 1887 689 1959 ipae,
712 1893 746 1941 et
768 1887 827 1958 qui
848 1886 929 1940 solus
948 1885 1030 1940 adid
1051 1883 1155 1940 badum
1176 1892 1255 1962 artes
1276 1881 1366 1940 mnus

267 1989 475 2044 attulisset.
526 1988 594 2060 Agr.
618 1987 667 2044 43.
690 2005 809 2046 securus
830 1989 891 2043 ium
913 1989 987 2059 odii,
1010 1996 1046 2044 et
1066 1989 1128 2060 qui
1146 1987 1264 2058 facilius
1287 1988 1364 2044 dia—

265 2092 467 2146 simalaret
488 2093 723 2164 paulinmquara
745 2100 855 2146 metum.
900 2090 958 2146 Cic.
970 2090 1044 2145 Brut
1069 2090 1104 2160 o,
1128 2089 1177 2145 35.
1199 2107 1266 2145 nam
1279 2091 1368 2163 ptme

265 2194 374 2266 quidem
383 2193 545 2266 perlectum
568 2194 640 2260 (scil.
654 2190 828 2264 oratorem),
852 2202 888 2249 et
909 2195 970 2249 cui
988 2193 1061 2249 niiil
1078 2193 1230 2248 admodum
1250 2193 1368 2263 desit,

266 2295 479 2354 Damoatltenem
492 2298 583 2368 facile
603 2299 719 2353 dicaris.
764 2297 821 2352 Liv.
843 2296 949 2366 XXIV,
972 2295 1021 2351 37.
1043 2295 1074 2351 L.
1089 2296 1225 2351 Pinarius
1243 2304 1312 2365 *erat
1325 2297 1370 2352 oir

267 2415 353 2470 acer,
379 2407 409 2455 et
431 2401 491 2472 qui
508 2401 619 2472 plusin
641 2416 691 2470 ee,
713 2417 752 2455 ne
769 2407 866 2472 posset
880 2399 988 2472 decipi,
1010 2416 1096 2471 quum
1117 2401 1149 2454 in
1167 2400 1226 2472 pide
1246 2399 1367 2457 Siculo*

264 2517 321 2557 rum
343 2510 561 2575 reponeret.
606 2501 675 2557 Plin.
703 2501 771 2574 Epp.
795 2501 825 2573 1,
851 2499 907 2571 to,
931 2503 958 2556 5.
986 2518 1079 2557 sermo
1106 2510 1149 2558 est
1178 2503 1310 2576 copiosus
1340 2509 1368 2558 et

265 2607 381 2675 cemus,
404 2605 496 2661 dulcis
525 2605 674 2678 imprimis,
707 2605 813 2678 etqui
840 2612 1034 2676 repupnantes
1056 2622 1167 2678 quoque
1191 2605 1311 2661 ducat
1339 2614 1367 2661 et

262 2705 443 2781 impellat.
486 2706 555 2779 Epp.
578 2707 632 2779 ΙΙΙ,
658 2705 714 2778 ΙΙ,
741 2704 766 2763 1.
789 2705 928 2781 superbus
957 2709 1067 2781 alioqui
1094 2709 1225 2765 dominus
1247 2716 1275 2765 et
1295 2725 1367 2766 sae-

261 2826 329 2878 ous,
352 2816 389 2864 et
412 2810 472 2880 qui
493 2810 613 2865 servisse
632 2819 744 2882 patrem
766 2828 848 2866 suum
866 2828 986 2884 parum,
1006 2813 1091 2867 immo
1105 2813 1221 2867 niodum
1241 2814 1365 2867 memi-

258 2911 391 2967 nisset.
435 2910 509 2965 Suet.
525 2911 578 2966 Tit.
596 2912 622 2967 3.
646 2914 701 2967 init.
718 2916 833 2987 eprepia
845 2915 957 2987 torma,
980 2923 1015 2971 et
1036 2917 1096 2970 cui
1117 2933 1176 2971 non
1196 2917 1289 2971 minus
1304 2933 1364 2970 an-

261 3015 404 3069 ctoritetia
439 3015 581 3070 inesset
617 3032 701 3089 quam
735 3019 849 3087 prutina
881 3006 963 3085 ⁸⁵¹²).
1022 3018 1154 3074 Universe
1188 3026 1278 3074 autem
1311 3018 1365 3074 hoc

259 3122 372 3187 teneas,
409 3132 503 3187 parum
538 3118 685 3175 uerisimile
714 3135 779 3175 esse
807 3120 933 3176 librarios
963 3121 1163 3191 conjunctionis
1192 3121 1363 3195 copulativae

259 3218 329 3275 adeo
367 3216 494 3273 curiosos
521 3219 621 3291 luisse,
648 3228 677 3275 ut
711 3237 770 3276 eam
800 3223 925 3279 omittere
943 3224 1149 3295 dubitaverint,
1185 3225 1209 3281 ai
1255 3224 1362 3297 quando

259 3321 328 3377 ratio
366 3320 540 3391 grammatica
581 3328 626 3375 aut
655 3323 787 3377 sententia
818 3326 992 3383 omissionem
1022 3328 1055 3382 iis
1083 3328 1224 3384 videbatur
1259 3327 1362 3383 suade-

256 3438 302 3479 re:
339 3422 367 3477 id
395 3418 469 3495 qaod
498 3422 608 3477 librario
636 3423 734 3477 vetusti
764 3426 905 3499 archetypi
936 3430 991 3485 hoe
1023 3429 1088 3486 loeo
1116 3431 1252 3487 accidisse
1282 3436 1360 3503 puto.

257 3523 283 3579 le
310 3525 381 3581 enim
412 3552 452 3562 —
484 3524 568 3580 credo
599 3552 639 3561 —
671 3524 826 3597 elegantiae
854 3528 929 3584 latini
957 3534 1092 3588 sermonis
1120 3533 1249 3605 ignarus,
1281 3549 1360 3605 quum

259 3609 285 3664 in
320 3610 420 3683 duplici
458 3610 633 3681 copulatione
668 3611 865 3667 enuntiatorum
895 3631 946 3686 per
979 3634 1130 3688 pronomen
1165 3620 1306 3675 relativum
1334 3622 1362 3674 et

255 3712 412 3781 particulam
447 3721 476 3770 et
508 3713 580 3768 lacta
615 3712 729 3783 aliquem
762 3714 948 3784 pleonasmum
982 3719 1073 3776 inesse
1103 3723 1276 3793 opinaretur,
1300 3738 1355 3779 co-

255 3814 399 3885 pulativam
426 3814 584 3886 particulam
614 3815 710 3871 omisit.
764 3812 870 3885 Quodsi
900 3820 943 3874 eui
974 3824 1115 3893 serupulus
1143 3832 1246 3893 restet,
1267 3826 1292 3882 is
1314 3824 1360 3880 iu-

255 3932 392 3973 numeram
418 3917 541 3973 locorum
563 3918 756 3975 multitudinem
787 3920 909 3993 cogitet,
933 3922 978 3978 uhi
1014 3922 1075 3980 libri
1102 3928 1163 3983 usu
1191 3929 1262 3985 inter
1286 3945 1358 3997 couff

257 4098 499 4113 mu...-

254 4189 320 4261 ³ch
341 4196 443 4258 Quadri
460 4208 499 4252 tot
517 4201 637 4254 locorum
654 4203 784 4255 rationem
797 4205 992 4273 grammaticam
1010 4210 1176 4273 respexeris,
1194 4211 1274 4262 facile
1292 4210 1358 4262 mihi

344 4285 488 4336 assentiere
506 4288 544 4339 ita
562 4286 711 4339 emendanti
730 4287 818 4343 locum
836 4287 893 4346 Cic.
911 4291 988 4343 Verr.
1005 4289 1055 4356 ΙΙ,
1072 4290 1118 4347 et.
1133 4294 1273 4348 Heraclius
1296 4314 1356 4348 mn-

340 4372 477 4439 pistrntnm
494 4374 634 4439 Syracusis
651 4372 773 4438 tutetur,
796 4376 868 4427 lamo
891 4376 1000 4443 nobilis,
1022 4380 1124 4445 etqui
1143 4382 1264 4433 sanans
1286 4383 1358 4435 lanis

282 4510 286 4522 ,
341 4457 447 4521 fuisset,
472 4460 528 4525 qui
551 4459 630 4511 lanea
648 4459 719 4527 apud
740 4461 922 4529 Syracusanos
952 4472 989 4515 est
1011 4465 1191 4532 amplissimus.
1230 4466 1357 4537 vulgatur

347 4542 418 4594 loma
435 4540 543 4606 nabilis,
561 4546 619 4611 qni
636 4544 757 4595 sacerdot
773 4546 846 4598 Jooir
860 4550 965 4612 suntet,
983 4551 1039 4617 qui
1054 4551 1134 4603 lonae
1152 4557 1202 4605 otc.
