3525 5500
889 652 1039 749 ...Aa-

416 853 534 926 donique
554 852 636 910 codd
659 853 720 909 listi
740 859 841 925 poetae
869 854 986 925 plunimi.
1010 860 1037 911 ct
1065 853 1137 911 edita
1160 854 1325 911 rotomum
1348 856 1518 928 exemplaria
1599 852 1600 863 ’

341 1010 343 1015 .
414 958 548 1029 praebent
577 957 646 1029 quid
672 958 821 1026 didicisse,
848 956 931 1027 idque
959 958 1098 1029 plerisque
1128 957 1278 1015 editoribus
1300 960 1442 1030 probatum
1466 968 1520 1016 est.

414 1058 453 1116 ti
475 1038 505 1113 d.
527 1059 575 1116 Tr.
595 1059 761 1115 Hermannus
790 1047 818 1113 in
840 1058 1029 1131 Disputstioue
1059 1060 1142 1116 alteru
1166 1062 1201 1117 do
1232 1064 1520 1120 mausuetudinis

413 1161 580 1218 scholiorum
608 1162 745 1217 inl‘ersii
772 1162 862 1218 satiris
888 1162 1065 1220 emendandis
1094 1162 1247 1235 (llarburg.
1280 1161 1389 1231 tunt.)
1411 1180 1437 1237 p.
1464 1164 1514 1221 12.
1599 1144 1600 1207 l

327 1245 329 1248 ⁵
413 1280 473 1335 sqq.
495 1264 641 1321 lectionem
671 1271 726 1337 pun
749 1265 881 1321 didicisse
912 1282 929 1319 a
953 1266 1116 1322 Gasaubono
1147 1274 1176 1323 et
1198 1268 1298 1324 brullio
1321 1268 1464 1340 protento
1488 1274 1517 1325 et

414 1367 548 1424 sermom‘s
569 1367 679 1437 legibus
701 1373 856 1423 etexterua
879 1369 1040 1439 optimorum
1062 1369 1273 1427 illorumcodd
1296 1372 1458 1427 auctoritate
1481 1372 1515 1427 ab

413 1471 485 1532 omui
506 1478 584 1541 purte
602 1476 632 1526 et
654 1471 683 1525 in
705 1486 785 1527 omne
807 1480 911 1543 tempus
935 1478 1015 1527 tutam
1038 1472 1164 1531 reddidit
1227 1512 1229 1519 ,

516 1572 550 1631 Α.
577 1575 657 1644 xvi,
688 1574 737 1629 20.
768 1582 837 1630 entr.
864 1576 940 1631 idern.
965 1576 1089 1633 mendum
1115 1582 1223 1647 statuat
1253 1592 1315 1632 cum
1339 1576 1513 1633 Doederlino

410 1679 481 1735 enim
503 1679 719 1735 emendationem
741 1678 830 1749 probo
852 1677 969 1733 Acidalii
997 1679 1047 1734 sio.
1060 1679 1219 1735 scribentis:
1243 1678 1373 1735 mortus
1397 1680 1510 1735 Titsrrni

412 1782 554 1854 punedmn
591 1782 626 1837 de
663 1781 801 1853 Tipsiiinn
842 1782 993 1837 criminose
1034 1782 1192 1852 detulerat,
1229 1795 1304 1855 poce
1338 1782 1514 1839 munitm

411 1893 615 1941 innocentorum
649 1886 725 1957 ipse,
756 1893 899 1958 patronus
937 1886 998 1956 ejus
1032 1902 1102 1942 nece
1134 1887 1397 1943 immundicitiam.
1419 1884 1513 1942 ‘ltn-

409 1988 514 2043 oidatis
551 1996 596 2043 tot
633 1986 791 2059 insipnidus
823 1989 892 2042 ciris
929 1994 982 2043 etc.
1038 1988 1068 2043 ln
1105 1988 1186 2045 codd.
1215 1990 1294 2048 ttsns
1325 1996 1354 2045 et
1387 1989 1512 2045 omnibus
1599 2018 1600 2047 t

387 2112 389 2116 ¹
409 2090 573 2150 umorum
594 2091 696 2162 lomim
713 2092 818 2148 ineret.
844 2091 1010 2146 Trucidatis.
1028 2098 1081 2146 eto.
1124 2092 1184 2147 Sed
1198 2092 1441 2162 conjunctiso'bin
1453 2108 1510 2147 non
1599 2166 1600 2175 ἵ

408 2189 452 2249 est
473 2194 560 2249 locus.
605 2194 714 2249 Tacitus
736 2195 815 2250 enirn
842 2210 898 2249 non
920 2194 1020 2265 refert,
1050 2210 1119 2265 quse
1145 2194 1251 2270 ebonis
1278 2200 1367 2250 menie
1395 2212 1428 2251 nc
1450 2210 1506 2250 vo·
1599 2224 1600 2227 η

408 2297 511 2351 luutsto
538 2297 666 2367 Tigellini
694 2297 721 2351 in
751 2297 893 2353 Thermum
924 2297 1037 2367 ejusque
1064 2296 1192 2357 liberum
1214 2298 1327 2367 teron,
1355 2297 1406 2354 sed
1437 2307 1507 2369 quae

407 2399 499 2454 resera
521 2400 593 2455 iacta
616 2400 687 2471 sint,
715 2416 806 2471 neque
829 2401 1020 2457 condicionem
1049 2408 1078 2457 et
1104 2402 1237 2457 rationem
1260 2401 1414 2473 criminum,
1438 2416 1511 2472 quas

408 2500 522 2557 libertus
556 2503 584 2559 in
615 2503 778 2574 Tigellinum
802 2504 917 2575 jecerit,
948 2504 1089 2560 describit
1133 2505 1251 2561 Accedit
1286 2504 1360 2575 quod
1387 2504 1509 2575 syllabae

407 2613 454 2660 ret
476 2613 504 2661 ot
532 2623 565 2663 re
586 2606 726 2663 incndd.
748 2606 880 2663 lledieeis
903 2606 1011 2678 saepius
1038 2606 1109 2665 inter
1136 2624 1168 2663 se
1187 2606 1328 2663 'conmm
1349 2614 1419 2663 sunt.
1463 2607 1509 2661 Sic

405 2708 440 2766 t.
461 2709 517 2782 Vl,
548 2709 575 2766 2.
605 2711 675 2766 extr.
703 2711 837 2767 maderet
863 2726 916 2783 pro
945 2710 1074 2767 suadere.
1124 2710 1158 2768 t.
1188 2710 1242 2780 lll,
1273 2708 1322 2766 tt.
1359 2726 1424 2766 cunt
1452 2708 1508 2766 nt-

405 2821 543 2888 strcperet
565 2823 721 2871 comior
742 2830 793 2887 pro
816 2831 881 2871 cum
896 2801 1060 2894 obstrepere
1081 2815 1253 2884 aeruminis,
1274 2821 1306 2870 ut
1327 2813 1357 2868 H.
1380 2813 1433 2884 tlt,
1457 2811 1506 2868 tt.

403 2917 460 2981 init
484 2917 566 2973 codd.
590 2917 620 2974 0.
642 2917 675 2973 ll.
697 2917 742 2973 ed.
772 2919 844 2989 Spir.
866 2935 931 2974 cum
958 2919 1175 2990 languescerent
1200 2917 1342 2990 paulatim
1370 2915 1506 2973 Vitellia·-

404 3034 508 3086 norum
530 3021 620 3076 ammi
632 3036 686 3091 pro
701 3035 766 3076 cust
780 3023 967 3092 inspncsccre
984 3040 1013 3094 p.
1038 3021 1069 3077 V.
1084 3037 1113 3076 a.
1134 3020 1273 3076 c'xlribent.
1316 3019 1349 3076 t.
1373 3020 1439 3090 llll,
1457 3018 1505 3074 tt.

406 3138 470 3177 curs
484 3123 637 3178 rediretin
648 3110 889 3196 Spmnmjcdetur
903 3139 955 3194 pro
969 3140 1033 3180 cum
1044 3124 1141 3180 mdire
1163 3121 1277 3179 enn.··m·
1288 3124 1356 3193 llll,
1380 3122 1429 3177 dd.
1453 3137 1507 3177 oc-

403 3232 521 3298 cuparet
532 3241 584 3297 pro
599 3242 750 3299 ocmpcre.
772 3226 805 3280 ll.
819 3225 847 3298 1,
862 3225 912 3282 ot.
929 3231 1001 3282 extr.
1007 3228 1079 3282 iussi
1088 3228 1244 3299 pecuniam
1257 3227 1344 3298 litque
1356 3239 1439 3280 crmn
1447 3223 1502 3280 de-

399 3329 552 3402 serretpro
569 3328 689 3401 deferre.
733 3329 764 3385 ll.
787 3330 842 3400 lV,
867 3327 915 3386 13.
939 3336 1097 3386 crederet.
1112 3371 1118 3386 .
1135 3371 1141 3385 .
1159 3371 1165 3384 .
1185 3337 1214 3386 et
1225 3335 1373 3385 ruenture
1387 3371 1394 3383 .
1408 3367 1435 3383 ..
1452 3327 1504 3399 jn·

405 3430 526 3488 bibatur
547 3448 599 3504 pro
629 3436 760 3490 auertere
883 3442 912 3490 et
933 3441 1080 3490 ratemurc
1194 3431 1360 3504 putaturus.
1404 3429 1505 3486 Contio
1599 3479 1600 3496 ,

402 3533 437 3591 Α.
459 3534 511 3604 lli,
536 3532 564 3589 l.
586 3541 656 3591 extr.
675 3545 836 3609 promptum
849 3535 955 3593 nubere
974 3552 1027 3607 pro
1046 3542 1208 3608 promptum
1223 3533 1346 3590 linierat.
1390 3533 1424 3589 t.
1446 3519 1504 3602 llll,

403 3634 457 3690 tt:
475 3651 642 3710 componere
664 3654 716 3709 pro
739 3645 926 3712 componeret.
970 3637 1048 3707 xlv,
1073 3636 1122 3691 58.
1147 3635 1270 3709 effugare
1285 3651 1335 3707 pro
1359 3636 1502 3708 effugeret.

402 3736 474 3806 Quin
510 3745 540 3794 et
575 3742 779 3798 terminationes
797 3758 840 3831 ¹ro
869 3749 898 3797 et
927 3749 991 3797 rent
1027 3739 1104 3796 hisce
1133 3739 1204 3796 locis
1238 3745 1403 3811 permutatae
1424 3744 1501 3795 srmt:

403 3839 438 3920 ᾼ.
464 3841 544 3914 dllll,
574 3844 623 3900 50.
653 3852 724 3902 extr.
754 3861 912 3918 congruere
940 3861 991 3916 pro
1022 3850 1226 3916 connumerent,
1256 3849 1284 3898 ct
1315 3859 1340 3901 c.
1364 3842 1413 3897 55.
1437 3839 1504 3896 eutr.

402 3947 607 4020 superfundere
629 3963 680 4020 pro
696 3951 931 4022 superfunderent
953 3949 979 4003 in
1002 3948 1065 4004 cod.
1090 3949 1141 4004 lla.
1163 3955 1193 4003 et
1214 3946 1257 4002 cd.
1280 3946 1349 4018 Spir.
1371 3944 1505 4002 scribitur.
1599 3949 1600 3974 ¹

504 4050 535 4105 H.
558 4051 612 4122 lV,
637 4052 685 4106 58.
708 4053 836 4108 Walther
857 4060 885 4108 et
899 4051 1081 4122 Kiesslingins
1104 4050 1249 4108 lectionem
1271 4049 1333 4104 cod.
1356 4048 1387 4102 R.
1410 4053 1439 4104 et
1460 4046 1501 4102 ed.

399 4151 470 4223 spir.
493 4155 539 4208 sin
561 4171 614 4226 epo
636 4156 804 4227 displiceam
826 4156 956 4226 vulgatae
977 4171 1048 4210 sanc
1076 4169 1130 4227 epo
1152 4153 1316 4226 displicent
1335 4153 1397 4222 jnre
1418 4161 1501 4222 prae-

398 4255 493 4311 mme
522 4256 585 4312 mim
614 4257 746 4313 videntur.
790 4258 936 4329 uulgatum
966 4273 1002 4314 ex
1030 4258 1163 4329 utpium
1192 4239 1334 4327 archetypi
1365 4255 1427 4312 stne
1443 4269 1499 4336 ¹090

398 4357 564 4430 displiceam
587 4360 721 4431 originem
743 4365 860 4417 traxisse
882 4368 956 4432 puta.

501 4461 654 4535 Utrumque·
681 4463 774 4520 vitium
803 4463 976 4534 conjunctum
997 4464 1031 4521 Α,
1053 4465 1108 4536 lv,
1132 4462 1237 4548 233in
1252 4462 1372 4520 lectione
1393 4458 1499 4516 codicis
1599 4479 1600 4490 2

405 4563 603 4637 deprehendes
646 4565 687 4622 lbi
708 4543 1026 4626 enimscribitur'duccs
1043 4567 1094 4626 snb
1115 4568 1296 4764 inpetrat
1317 4582 1369 4638 pro
1392 4563 1502 4632 tillim
