3525 5500
748 702 900 793 *23-

268 903 335 959 hant
367 911 453 958 nerse
486 901 606 972 [ortam
635 893 812 972 praesim
841 898 1023 959 (iermtani¹
1047 898 1078 952 in
1110 854 1221 955 amnena
1236 908 1375 971 -apantnr

268 1043 276 1058 .
302 1018 310 1059 ·.
333 1045 341 1060 .
363 1044 371 1059 .
395 1044 402 1059 .
422 1004 498 1060 idem
521 1001 694 1059 Germani
720 1001 919 1073 effnpiampro
946 1000 1020 1057 wera
1048 1000 1206 1057 Veraais
1233 1001 1374 1073 effnpiam.

399 1234 404 1243 ·
465 1199 539 1264 Da
561 1199 724 1280 quinto
739 1199 968 1264 mittamus
997 1210 1179 1277 genem

379 1328 470 1399 Saepe
491 1325 518 1383 in
542 1326 624 1383 codd.
648 1320 778 1382 hlediceis
793 1326 893 1381 lactum
916 1332 974 1395 cst,
998 1331 1026 1379 ut
1048 1322 1148 1379 librarii
1159 1324 1276 1381 ultimam
1290 1312 1374 1398 prae-'-

272 1430 396 1488 cedentis
414 1431 541 1486 vocabuli
562 1430 666 1485 literam
682 1436 727 1484 aut
748 1428 859 1500 primam
874 1426 1013 1499 sequentis
1029 1426 1197 1499 omitterent,
1221 1403 1244 1484 si
1267 1431 1374 1500 quando
1428 1491 1430 1497 ,

272 1532 357 1590 altera
379 1525 482 1590 vox'ah
505 1532 600 1589 eadem
615 1530 694 1588 litera
715 1530 878 1602 incipiebat,
901 1530 928 1585 in
944 1544 1021 1601 quam
1035 1530 1120 1586 altera
1135 1528 1282 1587 desinebat*
1300 1525 1372 1604 ²²)ss

271 1636 307 1692 dc
331 1654 384 1708 quo
408 1636 582 1708 corruptelae
606 1650 711 1706 genere
735 1634 770 1689 cl.
791 1632 929 1688 Drakenh.
953 1632 987 1688 ad
1009 1632 1066 1689 hiv.
1089 1630 1141 1703 99,
1164 1627 1193 1702 9,
1216 1633 1245 1689 2.
1288 1632 1373 1705 Hujus

267 1732 328 1795 sitii
348 1737 481 1811 exemplis
504 1738 556 1793 alia
573 1737 704 1808 quaedam
724 1736 872 1807 immiscui,
886 1734 994 1807 pirrhus
1009 1722 1041 1789 ‘in
1060 1735 1176 1791 mollem
1189 1736 1250 1792 lere
1265 1734 1374 1793 modam

268 1831 415 1914 peccatam
438 1848 493 1897 cst:
524 1840 657 1895 interdum
687 1838 756 1894 enim
779 1837 875 1894 mediis
903 1839 931 1895 in
953 1835 1096 1894 vocahall's
1118 1838 1256 1909 simplices
1278 1828 1375 1898 literae¹

270 1960 324 2017 pro
348 1944 492 2016 geminatis
516 1942 635 2014 scriptae
657 1948 726 1998 suot.

379 2044 412 2102 A.
427 2046 454 2117 1,
468 2044 497 2101 8.
520 2044 613 2101 codex
635 2044 746 2101 exhibet
760 2042 959 2115 anteferentes·
969 2058 1021 2114 pro
1035 2043 1252 2114 anteferrentur.
1276 2041 1307 2101 C.
1325 2044 1374 2103 ll.

269 2149 309 2206 ad
332 2166 381 2206 eas
395 2166 446 2221 pro
470 2148 512 2204 ad⁴
531 2146 606 2205 deos.
630 2147 661 2203 (l.
684 2146 733 2202 65.
752 2162 807 2220 per
823 2162 898 2219 qnae
914 2146 1023 2217 peritas·
1041 2144 1142 2201 hamas
1154 2162 1205 2217 pro
1225 2164 1279 2220 per
1292 2166 1375 2234 'qaae

274 2255 401 2325 operitur
428 2245 528 2307 hamas
578 2245 728 2321 A.1l‚·t.
759 2246 863 2305 Chalos
885 2253 913 2304 et
936 2248 1088 2305 Cholouata
1118 2264 1169 2320 pro
1198 2248 1323 2325 Chattos*
1345 2255 1375 2308 ot

273 2356 444 2413 Chattorum.
489 2356 521 2411 A.
542 2353 597 2424 lll,
628 2339 676 2409 19.
706 2351 831 2407 victoria
858 2353 973 2407 sacrari
1000 2352 1063 2422 pro'
1081 2354 1229 2438 arietariae¹
1251 2354 1375 2411 sacram.

275 2455 376 2514 0.91;
400 2458 486 2513 lectio
509 2456 571 2513 cod.
599 2455 634 2511 hl.
664 2462 812 2511 oratorem
834 2462 932 2511 aetate
959 2448 1118 2511 eberones
1148 2463 1212 2511 eret
1242 2460 1302 2512 orta
1332 2459 1376 2513 est

273 2576 307 2616 ex
329 2562 463 2632 scriptura
485 2559 627 2630 archetypi
656 2566 805 2614 oratorum
833 2575 849 2613 e
878 2566 974 2613 aetate
1002 2576 1030 2613 a.
1053 2566 1118 2614 erat
1145 2574 1196 2629 pro
1225 2568 1372 2616 oratorum

268 2678 299 2719 ea
329 2671 423 2719 aetate
451 2680 479 2718 n.
510 2670 582 2718 erat.
631 2662 665 2716 A.
693 2660 748 2732 lv,
777 2658 827 2717 35.
857 2661 962 2716 derant
989 2676 1041 2731 pro
1064 2662 1186 2717 deerant
1211 2657 1283 2734 ²⁸),
1306 2678 1372 2719 mox

261 2775 381 2840 patres:
405 2773 433 2821 et
454 2773 620 2820 manserant
640 2781 692 2834 pro
712 2771 866 2836 patreszset
892 2771 1066 2820 manserant.
1080 2842 1082 2846 ,
1097 2765 1130 2821 A.
1145 2765 1181 2835 V,
1205 2758 1252 2822 l‘o.
1267 2767 1370 2840 quippe

267 2869 380 2942 lapsum
400 2883 452 2937 pro
476 2868 576 2939 qnippe
604 2867 740 2938 elapsum.
784 2866 817 2920 A.
841 2866 895 2935 Vl,
920 2863 968 2922 al.
999 2865 1111 2928 modom
1133 2864 1287 2923 obsidionis
1316 2883 1368 2940 pro

159 3002 162 3006 ι
264 2973 292 3026 in
316 2967 618 3037 manumissionis,
647 2969 693 3024 ubi
723 2970 892 3040 praepositio
921 2971 988 3025 ina
1011 2969 1138 3026 literam
1166 2969 1297 3043 absorpta
1320 2977 1370 3028 est.

266 3073 300 3130 A.
323 3071 376 3142 ill,
404 3071 433 3128 2.
460 3073 516 3128 init
548 3073 645 3145 Poppc
671 3089 723 3144 pro
752 3071 912 3145 Poppaei.
936 3090 959 3130 e.
972 3070 1176 3145 Poppaeae
1197 3071 1230 3130 A.
1258 3073 1312 3148 xl,
1342 3072 1370 3132 l

266 3177 380 3232 domurn
401 3159 481 3231 snam
510 3177 630 3231 nesteris
658 3189 710 3246 pro
733 3176 850 3231 domam
866 3189 947 3231 snam
969 3175 1125 3233 Mnesteris.
1161 3171 1191 3232 a.
1215 3162 1264 3233 29.
1293 3152 1394 3234 eirca¹

265 3297 365 3336 necem
381 3276 516 3334 Caesaris
535 3293 624 3350 proc.
638 3295 664 3332 n.
689 3277 718 3333 0.
736 3276 878 3334 Caesaris
903 3279 933 3334 Ο.
952 3265 1000 3334 90.
1020 3273 1108 3351 pe'liei
1127 3292 1178 3350 pro
1194 3259 1369 3352 pellicist)

267 3383 299 3438 A.
323 3380 400 3452 llll,
424 3379 452 3436 9.
478 3380 564 3435 lectio
595 3379 676 3435 codd.
705 3381 756 3435 hla.
779 3380 810 3434 ll.
842 3398 880 3435 ea
902 3397 957 3452 qao
979 3381 1062 3436 moda
1095 3384 1154 3466 orta
1178 3395 1241 3437 esse
1263 3381 1369 3437 videtur

272 3575 333 3642 ¹22)
353 3579 396 3629 Sic
414 3578 487 3629 llari.
513 3575 562 3640 lv,
585 3574 634 3640 l3,
657 3575 683 3628 8.
713 3576 795 3628 lectio
828 3575 929 3628 codicis
953 3575 1083 3628 Putearlei
1111 3578 1159 3630 hae
1181 3577 1292 3652 reddidit
1319 3587 1368 3646 pro

272 3683 278 3690 ·
360 3659 475 3732 ratgisi
498 3664 546 3714 lise
569 3663 677 3714 credidit
695 3670 752 3721 orta
778 3670 819 3714 ast
842 3676 876 3713 ax
893 3662 1030 3730 archetypi
1052 3664 1183 3730 scriptura
1205 3664 1253 3717 hoc
1275 3665 1369 3720 radidit
1431 3665 1434 3672 '

310 3757 443 3818 quara
461 3749 523 3806 carl.
540 3749 686 3802 Vossianus
703 3764 720 3800 a
737 3747 944 3802 Schneidewiao
964 3748 1080 3800 literali
1105 3750 1222 3818 signatus
1246 3765 1261 3804 a
1284 3752 1368 3820 prima
1445 3736 1453 3757 ⁸

272 3887 277 3894 ,
369 3851 445 3886 manu
471 3835 587 3890 exhibet.
619 3833 780 3902 Exemplae
804 3826 869 3886 seit.
901 3825 997 3889 Velleit
1023 3834 1096 3885 libris
1121 3836 1231 3906 collegit
1256 3836 1368 3890 Kritzius

330 3961 333 3968 .
370 3921 397 3970 ia
415 3919 541 3990 Prolegg.
558 3937 584 3993 p
603 3918 668 3970 cvll
686 3937 736 3988 sqq

282 4001 331 4070 23)
350 4004 414 4055 ltem
434 3999 506 4058 hlart.
523 4005 583 4068 xit,
604 4003 645 4068 lt,
664 4006 690 4055 7.
710 4005 769 4056 eorl.
789 4003 927 4055 'l'hua'ncus
947 4003 1012 4055 derit
1036 4001 1156 4058 exhihet
1162 4004 1213 4073 pro
1238 3967 1367 4073 scriptura

368 4087 428 4141 cod.
443 4087 565 4141 Vosslaoi
583 4089 604 4141 lt
623 4107 639 4141 a
657 4090 984 4157 Schneidewinorecepta
1003 4091 1096 4154 deerit,
1116 4091 1196 4144 cadd-
1215 4092 1365 4144 Puteaneus

368 4172 586 4227 colossiaouA
603 4177 696 4227 &nna
712 4193 762 4242 pso
775 4177 885 4244 vulgata
902 4177 1269 4230 antchaclectionedesranr.
1305 4177 1368 4232 ltem
1409 4209 1411 4214 ·

369 4261 397 4313 ia
410 4261 530 4338 laodiceo
548 4260 644 4314 codice
654 4262 738 4328 Epist
757 4261 812 4317 Cic.
831 4263 874 4317 ad.
892 4262 962 4314 Fam.
982 4263 1035 4314 dest
1053 4271 1080 4314 et
1098 4265 1168 4314 desse
1186 4262 1241 4332 legi
1258 4270 1368 4316 testatur

368 4343 509 4396 Orellias'
502 4362 528 4396 m
548 4346 590 4398 ed.
610 4345 665 4401 Cic.
684 4347 742 4398 Vol.
762 4347 801 4398 lll.
818 4346 848 4399 Ρ
866 4347 884 4398 Ι.
902 4363 927 4413 p.
949 4344 991 4402 23.

283 4427 347 4493 232)
365 4429 467 4482 Eodem
484 4431 580 4483 mendo
598 4432 672 4486 lilart.
691 4432 732 4486 lll.
750 4432 793 4495 tt,
816 4434 838 4486 l.
856 4435 883 4498 ia
903 4432 963 4507 aod.
980 4431 1193 4500 Palatinopelaee
1205 4433 1380 4501 propellere

369 4523 395 4567 et
414 4506 445 4568 in
470 4517 531 4570 cod.
550 4515 704 4568 Caesellano
723 4516 864 4569 Serviani
868 4521 1008 4606 sacrmenti
1032 4517 1065 4569 ad
1089 4519 1162 4586 virg.
1186 4517 1253 4575 Aen.
1277 4519 1365 4584 1,28.

364 4603 475 4671 paelicis
492 4618 541 4669 pra
555 4601 658 4671 pellicis
675 4605 811 4670 scriptam.
861 4617 865 4625 ’
943 4616 947 4624 ·
1102 4613 1104 4623 ·

1140 4681 1158 4736 3
