3525 5500
798 669 856 728 117

266 877 296 928 et
318 887 338 926 o
364 869 479 928 l'lderio
500 885 552 944 pro
570 871 753 945 praescripto
776 872 804 927 ei
830 887 851 926 o
874 868 1002 940 Tiberim
1024 868 1058 925 A.
1079 869 1136 937 lit,
1157 869 1207 926 00.
1229 872 1375 926 numme

265 989 320 1046 pro
343 975 439 1030 minent
458 977 542 1044 inre,
565 973 597 1030 A.
620 973 673 1044 IV,
698 971 746 1028 10.
769 989 843 1045 pene
862 975 956 1047 primo
979 980 1009 1028 et
1034 974 1111 1046 epod
1135 975 1226 1046 pilium
1247 975 1376 1047 epolomi

263 1077 424 1148 offerretur
437 1091 489 1149 pro
504 1093 578 1150 poor
596 1079 693 1150 prino
714 1077 741 1132 ei
759 1077 837 1148 epod
858 1091 918 1146 sqq.
963 1075 993 1129 G.
1017 1075 1066 1131 28.
1089 1076 1145 1131 icit
1159 1072 1244 1133 lectio
1267 1077 1373 1134 codicis

261 1197 428 1253 nomenque
449 1181 503 1234 etri
533 1197 558 1252 p.
585 1178 677 1236 vilius
699 1195 817 1235 secessio
847 1185 908 1234 orta
935 1194 1001 1233 esse
1028 1178 1092 1236 mihi
1114 1179 1221 1236 ridetur
1242 1195 1278 1235 ex
1300 1179 1373 1236 scri·

261 1289 456 1354 ptursnonsen
470 1285 624 1356 diripere
640 1299 665 1356 p.
680 1281 770 1338 ellim
785 1297 904 1338 serenos
912 1297 962 1352 pro
974 1281 1092 1352 genuine
1106 1299 1210 1338 nomen
1223 1284 1372 1356 ntripne

265 1385 295 1456 0.
325 1383 426 1442 Vilice
453 1385 586 1442 Serenus.
632 1385 765 1456 Vulgrtur
795 1385 880 1440 minus
903 1386 975 1442 hene
1004 1401 1107 1441 nonen
1135 1387 1249 1458 ntodpne
1278 1386 1373 1444 Vidine

262 1489 401 1549 Serenus.
447 1489 477 1543 Ο.
501 1491 550 1544 dd.
573 1489 666 1544 codex
686 1489 769 1544 hehet
788 1489 977 1560 trolitanipne
997 1505 1051 1560 pro
1066 1489 1258 1562 Troiianiprse.
1301 1489 1372 1546 And.

264 1593 319 1663 vt,
342 1591 397 1648 06.
422 1593 552 1664 chosroe
576 1591 705 1648 occulos
728 1591 842 1646 resedit
869 1591 897 1646 in
925 1591 1025 1648 codiee
1045 1593 1147 1663 legitor
1166 1607 1219 1664 pro
1241 1593 1371 1665 oliospne

263 1697 397 1752 occultos
427 1695 546 1753 consilii.
599 1694 632 1749 A.
662 1693 726 1764 Xll,
757 1691 807 1748 10.
835 1693 920 1750 lectio
949 1695 1056 1751 codicis
1077 1695 1128 1750 lin.
1156 1693 1371 1754 sedeonientnm

262 1813 314 1870 pro
337 1797 593 1855 solventem-inde
608 1804 667 1853 orte
690 1803 751 1867 est,
774 1795 864 1867 quod,
888 1813 967 1868 quom
988 1799 1016 1853 in
1031 1799 1184 1871 archetypo
1204 1797 1372 1855 sedeoninrn

262 1903 395 1974 scriptum
418 1901 516 1958 inisset
544 1901 621 1957 litero
645 1909 656 1956 t
679 1903 738 1956 cuin
759 1901 973 1971 ιἰοιιιιιιιιιιιι,
999 1901 1061 1957 site
1081 1901 1172 1958 lector
1193 1902 1289 1973 aliquis
1311 1903 1371 1959 sire

261 2004 389 2060 lihrnrius
412 2005 544 2076 syllohom
567 2011 615 2060 snt
631 2003 880 2076 superscripserat,
904 2011 933 2060 ut
953 2003 1122 2060 eudemon
1141 2005 1291 2075 legeretur.
1335 2003 1371 2062 A'.

259 2107 342 2178 XiV,
361 2105 423 2162 16.
454 2107 518 2164 cod.
547 2107 742 2179 hie.·preehet
768 2115 938 2164 asseverant
965 2115 1026 2162 tnnc
1051 2121 1102 2178 pro
1126 2109 1368 2178 asseverantium,

259 2207 285 2266 o'.
309 2209 359 2266 dh.
384 2217 416 2266 et
433 2212 611 2283 propinques
632 2225 683 2282 pro
707 2212 733 2266 et
751 2212 938 2284 proptnpuoe.
983 2210 1017 2265 A.
1038 2211 1107 2280 XV,
1132 2210 1181 2265 70.
1203 2209 1288 2266 lectio
1315 2225 1369 2266 oo-

259 2311 409 2370 dioisdieL
432 2316 591 2369 ecimmane
613 2290 659 2368 nn
676 2321 704 2369 et
726 2315 825 2370 lncani
847 2314 982 2384 originem
1012 2313 1089 2368 duxit
1108 2329 1145 2368 ex
1167 2312 1298 2368 mendose
1314 2311 1369 2368 'or-

689 2401 715 2428 10

261 2451 373 2523 chetypi
396 2451 529 2523 scripture
559 2453 721 2507 ecimmnna
742 2459 769 2508 et
791 2449 891 2508 lucani
912 2468 963 2522 pro
988 2451 1106 2522 genuine
1127 2468 1143 2506 e
1166 2451 1297 2507 Rheneno
1319 2469 1369 2508 re-

260 2555 352 2609 stituto
385 2556 454 2610 enin
476 2553 512 2611 M.
535 2553 649 2612 Annaei
677 2552 795 2611 lncani.
846 2553 972 2610 Ceterum
1003 2557 1077 2610 eninr
1107 2553 1217 2624 scripsit
1245 2554 1369 2609 iihrsrius

263 2657 326 2712 cod.
351 2657 403 2712 hie.
427 2674 477 2728 pro
502 2660 570 2712 enin
585 2660 664 2713 etiem
687 2659 719 2714 A.
743 2659 811 2729 XV,
836 2657 886 2712 20.
913 2657 969 2712 init.
1012 2657 1082 2712 Dein
1095 2655 1128 2712 A.
1150 2657 1229 2727 XVl,
1254 2653 1302 2712 12.
1324 2657 1369 2712 ie-

260 2762 315 2817 ctio
341 2741 405 2817 cod.
428 2760 477 2815 hta.
492 2778 596 2817 nornen
616 2762 745 2817 iunctum
764 2778 800 2817 ex
823 2758 966 2831 archetypi
978 2759 1111 2831 scriptura
1133 2777 1237 2815 nomen
1257 2735 1368 2816 inntuni

258 2880 311 2935 pro
335 2880 440 2917 nomen
454 2862 569 2917 lonium
592 2870 653 2917 note
675 2871 718 2918 est
743 2857 798 2929 ⁸¹)
853 2860 884 2917 H.
907 2860 937 2933 Ι,
961 2860 988 2917 3.
1012 2869 1081 2918 extr.
1105 2861 1168 2917 cod.
1183 2862 1232 2917 die.
1257 2862 1368 2918 exhibet

258 2967 351 3037 mapis
374 2966 492 3020 eetnstis
508 2964 622 3021 indiciis
644 2982 695 3037 pro
712 2967 836 3037 mepisee
858 2966 941 3019 iestis
955 2966 1084 3034 indiciis,
1108 2964 1139 3019 11.
1161 2964 1203 3035 lt,
1229 2961 1277 3019 11.
1299 2968 1367 3021 oni-

259 3086 347 3124 oerso
369 3070 441 3123 mire
468 3070 594 3125 virorem
617 3070 695 3125 olem
724 3085 775 3140 pro
798 3068 961 3124 nniversam
986 3069 1170 3124 Treverorum
1191 3068 1284 3137 olom,
1307 3085 1367 3142 cap.

263 3170 312 3227 28.
335 3172 528 3227 trevirorum
551 3188 601 3243 pro
621 3170 820 3241 Treverorum,
845 3188 868 3226 c.
894 3168 943 3226 rt.
965 3172 1059 3227 inient
1086 3188 1105 3227 o
1126 3172 1200 3227 mole
1224 3170 1292 3227 delli
1313 3188 1365 3243 pro

259 3276 291 3329 in
309 3280 394 3331 tento
415 3274 489 3329 mole
502 3272 585 3342 tettt3
609 3290 632 3328 c.
656 3274 707 3330 85.
731 3274 900 3331 alliciebant
913 3290 965 3345 pro
982 3273 1166 3345 alliciebant,
1188 3274 1220 3329 il.
1242 3274 1293 3344 111,
1319 3272 1367 3330 10.

259 3376 431 3450 Aponianus
452 3392 504 3449 pro
518 3376 705 3450 Aponionns;
729 3376 760 3431 11.
783 3373 838 3447 iV,
862 3376 911 3431 37.
934 3378 1025 3432 Celtis
1047 3394 1099 3448 pro
1114 3377 1206 3433 Gottis
1227 3393 1249 3432 s.
1273 3376 1366 3431 ctat-

260 3466 322 3551 tiss
339 3498 363 3537 c.
388 3478 437 3536 63.
461 3482 583 3537 saevitia
609 3481 717 3552 inpcnti
743 3496 794 3551 pro
824 3480 947 3535 saevitia
974 3480 1088 3551 inpendi.
1140 3477 1171 3533 ii.
1194 3480 1236 3550 V,
1261 3475 1288 3534 1.
1310 3479 1367 3535 init.

261 3582 345 3640 lectio
377 3582 459 3639 codd.
482 3583 533 3639 Me.
562 3584 623 3639 Vst.
653 3584 796 3657 superiori
824 3599 912 3639 onam
935 3590 994 3639 orte
1017 3599 1081 3639 esse
1107 3583 1214 3639 videtur
1236 3598 1273 3639 ex
1294 3582 1367 3639 scri-

258 3693 336 3777 pturs
367 3689 603 3760 snpereors'cnam
617 3676 680 3758 'pro
711 3703 797 3760 snper
819 3686 986 3758 fortunam,
1016 3686 1095 3743 litera
1123 3686 1142 3758 f
1165 3686 1277 3758 insuper
1306 3703 1367 3743 oum

261 3796 471 3847 ceommutsts.

363 3892 403 3949 its
425 3899 454 3948 et
483 3893 582 3949 lectum
606 3899 665 3963 est,
694 3899 724 3948 ut
753 3893 912 3963 conjunctio
942 3900 974 3947 ot
996 3908 1011 3947 s
1033 3891 1149 3947 librariis
1171 3891 1253 3949 codd.
1276 3892 1366 3948 hedi-

265 4052 364 4061 -----
370 4049 520 4061 —-———-——

274 4119 324 4189 81]
344 4123 469 4176 Similiter
484 4125 613 4192 originem
633 4123 705 4175 duxit
723 4122 771 4177 An.
785 4124 845 4189 XV,
863 4121 898 4179 11
915 4123 996 4177 lectio
1015 4123 1075 4176 eod
1093 4124 1142 4175 Me.
1160 4124 1290 4176 coniuncti
1306 4134 1366 4175 sont

348 4226 381 4261 ex
400 4209 535 4276 archetypi
554 4211 683 4275 scripture
700 4212 813 4262 conducti
830 4219 890 4261 snnt
907 4226 956 4276 pro
974 4211 1085 4264 convicti
1101 4218 1173 4273 sunt,
1191 4210 1261 4261 sicut
1272 4209 1364 4262 Veliae

344 4294 429 4351 schot.
448 4294 480 4345 sd
497 4294 618 4349 Juvenal.
637 4295 686 4358 Vl,
703 4293 757 4349 638
779 4312 805 4363 p.
824 4294 875 4350 270
895 4294 937 4348 ed.
963 4294 1204 4349 concessionem
1226 4312 1276 4363 pro
1300 4314 1364 4347 con-

348 4383 418 4433 victo
435 4380 549 4435 exhibet.
585 4380 640 4433 ihre
658 4382 773 4447 pertinet
791 4384 870 4434 etiem
888 4381 971 4434 lectio
991 4381 1052 4433 cod.
1065 4382 1114 4433 hia.
1134 4380 1194 4435 Teo.
1212 4381 1281 4435 Amr.
1299 4382 1364 4446 xvt,

347 4466 379 4523 10
395 4468 453 4519 init.
469 4468 591 4519 vincendo
609 4468 795 4534 proventu
815 4468 892 4535 plura
910 4466 974 4521 vido
990 4483 1068 4535 supra
1086 4484 1113 4535 p.
1130 4465 1174 4523 16.
1192 4484 1248 4537 sip,
1265 4468 1311 4523 uhi
1329 4468 1363 4520 de

346 4554 458 4621 septimo
476 4554 599 4606 vitiorum
617 4568 716 4621 genere
734 4553 833 4609 rettuli.
928 4623 932 4631 Ι
