3525 5500
814 621 872 677 tle

267 822 364 880 morti
389 821 571 878 eximeretur
591 820 660 876 iude
678 827 738 876 orto
765 837 829 879 osse
851 821 976 889 vium,
998 818 1121 890 quodie
1142 817 1302 889 archetypo·
1316 817 1391 874 seri-

263 931 348 996 ptum
370 924 463 988 luerit
482 925 540 980 tec,
553 921 723 986 credebatur
743 938 818 996 quoe
840 960 969 980 .....
990 923 1112 994 pierium
1132 922 1315 994 quaeriue.
1331 934 1391 991 sqq.

264 1041 322 1098 pro
348 1041 424 1085 rere
448 1027 580 1098 scriptura
598 1027 644 1082 -alt
665 1025 791 1082 Acidalio
808 1026 948 1104 ›cuuimta
964 1034 1030 1082 ium
1046 1026 1170 1098 primum
1190 1033 1331 1080 reuocata
1352 1041 1389 1080 cc

265 1130 355 1186 leur
372 1127 610 1202 vcrerlelcturque
632 1167 762 1188 .....
784 1129 906 1201 plocium
933 1130 1096 1201 q-uceri,'
1117 1133 1157 1187 ut
1182 1129 1389 1184 memnone

265 1271 409 1288 .....
435 1233 520 1288 rrrerti
542 1234 723 1288 cerneretur.
770 1231 879 1302 Quippe
892 1232 1035 1302 librarius,
1058 1231 1183 1302 quoniam
1205 1231 1302 1288 literae
1322 1237 1390 1286 r-et

264 1351 280 1390 s
304 1335 547 1404 ngoburdioue
573 1335 610 1390 ita
639 1334 709 1390 inter
738 1349 770 1390 se
797 1334 900 1390 similes
929 1342 1007 1405 eunt,
1036 1342 1066 1390 ut
1095 1333 1228 1393 interdum
1249 1334 1312 1389 lere
1328 1338 1388 1390 'noo

268 1435 494 1507 discernentur,
524 1437 633 1508 scripsit
663 1437 823 1510 quaesiuit,
851 1453 930 1508 quum
958 1438 1028 1494 ratio
1055 1437 1112 1493 loci
1133 1437 1256 1507 corrupti
1277 1436 1388 1495 verbum

266 1540 378 1596 linitum
404 1539 561 1610 efflagitare
583 1541 609 1596 ei
624 1539 772 1597 rideretur.
796 1539 914 1595 Aoidelii
936 1539 1170 1609 emendetiouem‚
1193 1548 1263 1609 quse
1284 1555 1301 1593 a
1321 1539 1387 1594 lite-

262 1656 365 1698 rarum
390 1642 522 1698 ductibus
544 1643 644 1698 ceteris
660 1643 826 1712 coniectoris
848 1641 1054 1714 propiusabest
1076 1648 1106 1698 et
1123 1641 1276 1698 sementim
1299 1657 1388 1712 ecque

267 1747 429 1816 convenit,
454 1744 518 1800 lac.
536 1745 721 1817 decrerim,
751 1745 950 1816 Kiessllngius‚
980 1745 1107 1816 Bekker,
1138 1744 1240 1815 initiet,
1269 1744 1387 1800 liechies
1494 1747 1499 1763 “

265 1854 454 1921 receperunt.

381 1949 492 2020 Quodsi
521 1957 562 2006 tut
593 1950 717 2021 exempla
745 1949 883 2006 literarum
904 1952 917 2005 i
937 1956 967 2006 et
987 1959 1036 2006 tc
1066 1951 1183 2008 librariis
1211 1952 1387 2008 confusarum

268 2053 521 2125 consideraveris,
544 2051 678 2109 mirabere
699 2047 771 2124 ⁸²),
794 2054 868 2124 quod
896 2054 966 2110 Anu.
987 2053 1041 2124 lll,
1072 2056 1089 2108 7
1111 2053 1279 2113 inin-nullus
1299 2054 1387 2111 adhoc

266 2241 515 2249 --——.----—--

283 2370 338 2434 83)
358 2371 446 2436 llagis
465 2370 542 2423 etium
562 2369 707 2433 mirabere,
735 2369 806 2438 quod
825 2367 958 2420 Dronkius
981 2369 1025 2420 rel
1048 2370 1077 2420 in
1101 2369 1219 2421 secunda
1236 2366 1384 2437 Agricolde

365 2456 487 2508 editione
505 2455 594 2506 honae
617 2455 700 2524 frugis
724 2455 803 2522 plene
822 2471 880 2509 cuns
899 2455 1062 2511 Doederliuo
1081 2456 1150 2508 Actt
1168 2455 1261 2522 philol.
1280 2456 1383 2511 treme

361 2541 426 2594 Vol.
444 2539 491 2604 lll,
510 2538 533 2592 2.
553 2557 577 2608 p.
596 2539 654 2594 382.
674 2549 776 2592 etcum
796 2541 915 2592 Becliero
935 2541 1106 2609 llertclioque
1124 2541 1213 2610 Agris.
1232 2539 1274 2595 42.
1287 2542 1385 2594 lectio-

362 2644 427 2680 nem
448 2627 527 2678 codd.
547 2636 573 2677 ct
592 2627 652 2679 edd.
671 2636 735 2679 vett.
755 2636 845 2692 aperte
865 2635 1012 2692 corruptam
1027 2637 1155 2694 postremo
1172 2645 1225 2678 uon
1249 2637 1314 2677 tum
1336 2627 1383 2678 ob-

362 2715 437 2765 scuri
454 2713 576 2774 retinuit,
605 2715 722 2781 quamvis
743 2728 799 2763 eam
819 2711 1016 2763 addubitavisse
1034 2712 1177 2780 videatur„
1197 2729 1275 2781 quum
1295 2714 1383 2765 omnia

364 2798 496 2851 suadeant
519 2798 638 2849 llhenani
663 2798 872 2849 emendationem
894 2816 922 2866 p.
940 2814 992 2848 non
1009 2802 1073 2849 iam
1090 2819 1114 2850 o.
1150 2798 1287 2849 Sententia
1316 2798 1385 2848 enim

276 2916 279 2923 ·
354 2886 468 2948 obsim,
484 2886 622 2951 quominus
642 2883 791 2950 supplendo
811 2898 890 2949 quem
909 2892 988 2934 culce
1005 2885 1154 2935 romesinas
1173 2884 1275 2950 ellipsis
1291 2875 1382 2936 exem·

364 2972 437 3038 plum
464 2974 613 3027 statuamus.
650 2969 753 3036 Quippe
772 2968 875 3021 Tacitus
899 2985 953 3026 uon
970 2970 998 3022 id
1017 2970 1105 3033 dicit,-
1119 2972 1220 3038 peritos
1238 2972 1383 3039 cogitatio·

361 3074 425 3127 num
443 3058 567 3125 principis
582 3058 669 3127 primo
689 3071 814 3125 perquam
834 3054 953 3107 obscuris
972 3072 1003 3109 ac
1021 3058 1099 3109 tectis
1117 3056 1222 3121 verbis,
1250 3056 1310 3111 delo
1331 3058 1381 3110 etsi

362 3144 472 3193 nrinus
491 3142 647 3206 occulte,
669 3140 808 3193 occulte
831 3150 918 3192 tamen
942 3141 1085 3209 Agricolae
1104 3142 1275 3208 dissensisse,
1300 3160 1334 3194 ne
1353 3146 1379 3193 in

362 3228 526 3295 provinciam
545 3230 611 3290 iret,
630 3226 677 3278 sed
695 3228 779 3293 primo
799 3226 926 3279 obscuros
946 3220 1224 3292 circumiectarum,
1242 3238 1296 3280 tum
1314 3245 1380 3279 vero

362 3304 460 3381 opertis
474 3313 631 3380 disertisque
649 3312 737 3363 verbis
750 3313 943 3377 prosectionem
957 3314 1121 3365 dissensisse.
1145 3311 1275 3366 Universe
1293 3315 1380 3365 nuteni

361 3402 415 3452 licc
432 3400 573 3451 tenendum
594 3407 649 3463 est,
668 3398 745 3449 aliem
765 3414 825 3451 esse
844 3402 907 3449 artis
926 3402 1035 3451 criticae
1053 3400 1238 3451 condicionem
1257 3403 1284 3451 in
1298 3398 1379 3466 Agri-

363 3486 424 3539 oola
441 3485 624 3550 recensendo,
647 3493 726 3553 atque
748 3486 776 3535 in
792 3484 939 3538 Annalibus
961 3486 1153 3554 fleturusque,
1177 3488 1277 3555 quippe
1302 3498 1381 3553 quum

361 3572 437 3623 libris
462 3572 533 3623 Mstis
553 3572 685 3623 Vaticanis
710 3572 788 3639 eique
813 3571 917 3634 codici,
942 3588 1051 3640 exque
1078 3572 1210 3625 editiones
1234 3570 1376 3625 Puteolani

363 3658 511 3725 descriptae
531 3665 605 3719 eunt,
624 3672 677 3707 non
697 3671 728 3707 ea
746 3657 779 3706 sit
798 3658 941 3707 auctoritas
958 3656 1112 3721 tribuenda,
1138 3674 1206 3726 quae
1229 3659 1303 3711 libris
1322 3660 1379 3711 lle·

362 3743 461 3805 diesis,
487 3742 513 3793 id
533 3740 602 3809 quod
622 3742 705 3807 primo
724 3743 810 3792 statim
836 3750 943 3807 aspectu
965 3741 1045 3793 facilc
1069 3742 1117 3793 tibi
1139 3760 1291 3810 persuasum
1318 3748 1378 3810 erit,
1445 3739 1447 3744 ’

360 3826 440 3878 modo
459 3828 612 3893 incorrupto
631 3826 729 3877 iudicio
748 3828 903 3878 varietatem
922 3828 1045 3879 lectionis
1061 3830 1188 3895 inspicias
1212 3840 1291 3899 atque
1310 3848 1377 3883 con·

282 3918 287 3930 ’
361 3914 472 3965 sideres.
508 3913 614 3965 lllorum
633 3913 702 3962 enlm
721 3911 845 3963 librorum
864 3922 982 3964 naturam
1000 3922 1027 3965 et
1045 3915 1229 3967 condicionem
1248 3917 1375 3969 deteriori

361 3999 478 4049 lamillae
503 3997 636 4049 (leudensi
658 3996 816 4049 simillimam
842 4014 901 4051 esse
925 4008 1041 4066 apparet.
1081 4000 1139 4052 Jam
1166 4018 1232 4054 vcro
1256 4012 1374 4069 reputes,

360 4072 458 4151 quanto
478 4100 492 4134 a
510 4100 572 4135 vera
593 4092 671 4150 utque
691 4085 805 4150 genuino
829 4087 958 4151 scriptura
977 4086 1101 4151 obesses,
1126 4090 1148 4137 si
1172 4104 1220 4155 pro
1247 4089 1375 4141 llediceis

360 4168 434 4222 libris
453 4170 577 4221 familiam
597 4168 763 4220 Genuensem
782 4170 807 4219 in
828 4172 1011 4223 constituendo
1030 4172 1168 4225 Annalium
1192 4181 1221 4225 'et
1244 4174 1377 4227 llistoria-

360 4270 415 4306 rum
439 4260 511 4306 te‘xtu
538 4270 689 4323 sequerere.
730 4252 821 4323 ltaque
846 4272 924 4323 quum
947 4256 1099 4327 Agricolam
1124 4268 1295 4331 recensentes
1325 4278 1377 4329 ope

358 4357 449 4394 corum
462 4342 598 4405 codicum,
612 4342 656 4409 qui
670 4339 777 4404 eadem,
797 4356 847 4409 qua
860 4343 973 4395 lledicei
986 4345 1061 4409 libri,
1079 4347 1237 4397 auctoritate
1254 4349 1374 4417 vigeant,

357 4427 453 4493 iniuria
465 4432 612 4495 temporum
625 4427 741 4477 destituti
759 4428 854 4493 simus,
866 4426 966 4481 'eadem
978 4432 1022 4482 via
1038 4431 1211 4500 ingredienda
1226 4441 1276 4499 est,
1298 4430 1375 4503 quam

357 4512 514 4577 Rhenanus,
530 4512 641 4581 'Lipsius
660 4512 757 4580 aliique
777 4515 862 4566 critici
880 4516 1007 4582 inierunt²
1039 4526 1177 4585 antequam
1195 4518 1373 4574 llediceorum
