3525 5500
890 659 1041 750 ..ffl-

418 863 446 911 et
467 855 651 910 domesticum
672 854 748 910 uotis
776 856 991 912 incendium
1018 858 1139 914 salmes·
1191 859 1260 920 Veli
1289 861 1346 918 l’at
1372 861 1414 933 ll,
1445 862 1516 923 tus.
1596 896 1597 991 p

409 958 621 1014 inenuntium
642 959 775 1015 militonis
789 960 934 1016 tumultus.
965 958 1077 1028 Quintil.
1091 960 1211 1018 lleelann.
1229 961 1278 1022 tu.
1297 966 1513 1024 incendium

413 1073 558 1116 onuouus.

513 1163 544 1220 Η.
567 1164 618 1236 ΙΙΙ,
644 1167 691 1221 ll.
714 1165 770 1220 init.
792 1166 924 1222 varietate
937 1166 1064 1223 lectionis
1078 1184 1116 1223 eo
1130 1167 1270 1239 alluens,
1291 1175 1322 1226 ut
1336 1171 1512 1244 archetypam

408 1273 542 1323 vetustum
563 1283 614 1340 pro
638 1267 756 1337 genuina
778 1269 911 1340 soriptons
938 1270 1156 1344 pollicitusque,
1178 1273 1205 1326 si
1227 1274 1404 1344 praesumo
1424 1277 1509 1330 onci-

404 1378 496 1442 peret,
518 1387 641 1427 annuum
656 1387 753 1427 arcem
774 1373 1019 1443 traditurum,
1044 1389 1121 1444 quam
1135 1373 1262 1446 Bellen,
1284 1375 1380 1446 liutet,
1401 1376 1511 1450 liuper-

407 1473 460 1530 tios
482 1489 499 1528 e
521 1474 678 1544 conjectura
700 1475 893 1545 restituerunt,
924 1476 1029 1530 trudi
1054 1476 1180 1546 furunt
1201 1477 1359 1534 exhibuisse
1384 1485 1509 1552 sumans,

407 1581 463 1632 oon
484 1575 521 1631 ita
542 1591 604 1631 rana
627 1576 764 1632 literanum
787 1585 797 1632 t
819 1577 885 1648 ets
908 1577 1089 1648 confusione,
1119 1578 1156 1634 ‹le
1185 1595 1236 1650 qna
1262 1595 1327 1635 mox
1355 1581 1407 1636 sub
1435 1582 1508 1637 dno·

406 1671 513 1734 desimo
535 1677 660 1734 vitiorum
683 1679 936 1749 generenelsnam.
979 1679 1047 1734 Nam
1075 1679 1193 1750 libentii,
1223 1697 1303 1752 qaum
1330 1699 1431 1740 vocem
1451 1685 1505 1755 fu-

403 1781 514 1837 suntab
536 1781 615 1852 hujus
635 1781 691 1836 loni
714 1780 877 1836 conditione
893 1781 1007 1840 alienam
1029 1783 1254 1856 emanantium,
1275 1784 1388 1840 aliialia
1410 1801 1507 1842 emen·

405 1883 517 1940 latione
538 1899 631 1940 venum
653 1883 717 1939 inde
739 1883 841 1940 elisere
855 1884 1026 1941 studuerunt.
1069 1885 1162 1956 ltuqne
1179 1886 1209 1941 in
1228 1887 1311 1944 eodd.
1334 1887 1507 1946 tlaXBoa.

403 1985 445 2052 (iu
466 1983 567 2063 marg.)
590 1987 633 2044 ed.
656 1988 737 2059 Spin.¹
750 1987 839 2042 addita
861 1988 967 2058 syllaba
997 1995 1038 2043 tu
1059 1989 1188 2060 seriptum
1210 1995 1254 2068 est
1275 1991 1377 2046 troni
1395 1992 1503 2062 futu-

401 2105 495 2160 rum,
514 2097 613 2148 ‘nonna
632 2090 658 2154 ip
673 2089 749 2146 libais
772 2089 890 2144 familiae
905 2090 1055 2146 (leunensis
1078 2090 1229 2148 anuos.
1254 2088 1288 2158 (a
1307 2109 1350 2164 pn.
1365 2089 1418 2159 m.)
1441 2095 1504 2151 edd.

401 2193 460 2249 llut.
481 2209 542 2266 sqq.
557 2193 591 2249 ad
613 2191 775 2265 Bipootioos
798 2197 827 2248 et
840 2192 987 2248 novissime
1009 2193 1208 2265 iolliesslingii
1230 2195 1352 2252 editione
1371 2196 1504 2268 furtiua

402 2297 633 2352 traditurum
653 2296 761 2367 legitur.
806 2295 838 2350 lli
860 2296 931 2353 enim
958 2296 1108 2366 genitivum
1133 2297 1203 2368 plor.
1225 2297 1302 2353 vonis
1322 2298 1373 2368 sur
1393 2299 1422 2353 in
1438 2300 1501 2377 'ad-

401 2397 523 2454 verbium
542 2399 643 2469 furtim
664 2403 797 2454 nunnoni
818 2399 902 2468 idone
922 2405 1156 2469 transposuerant.
1206 2398 1286 2468 Qnue
1307 2406 1396 2456 tamen
1417 2401 1502 2460 leotlo

401 2499 437 2556 oh
459 2500 698 2572 transpositionem
720 2500 882 2569 verborum,
914 2505 943 2554 et
971 2501 1032 2570 quin
1061 2501 1225 2558 deteriorum
1246 2503 1354 2558 illorum
1376 2504 1502 2560 oudinum

400 2602 472 2658 oolla
500 2603 560 2658 lem
588 2608 633 2660 ost
660 2602 825 2672 eustosius,
854 2602 977 2674 speeiem
1006 2603 1202 2663 emulationis
1231 2622 1247 2660 a
1276 2606 1366 2662 soiolo
1389 2607 1501 2664 librario

398 2711 517 2764 wntatoe
536 2721 606 2779 praa
626 2719 657 2762 so
678 2704 740 2761 lest.
783 2704 819 2761 lit
841 2721 873 2761 ea
896 2710 939 2763 est
952 2704 1008 2761 loni
1030 2705 1177 2778 nundinio,
1199 2712 1230 2762 nt
1249 2723 1300 2778 pes
1321 2723 1353 2763 se
1375 2717 1494 2782 constet,

399 2824 414 2865 a
436 2826 546 2867 senno
569 2824 660 2865 annam
682 2824 751 2864 non
771 2808 896 2880 pslam'
910 2815 955 2863 ant
971 2802 1046 2863 'nati
1067 2808 1258 2880 potuisssent
1279 2811 1404 2867 ualitam
1425 2830 1500 2870 esse.

397 2912 494 2984 Neque
514 2913 560 2983 id,
583 2912 657 2983 qnod
679 2911 710 2965 ll.
730 2911 787 2981 ΙΙΙ,
811 2910 859 2965 56.
882 2911 994 2967 verbnm
1018 2912 1166 2983 pollioiuts
1194 2913 1329 2983 reperitur
1350 2922 1384 2969 et·
1399 2924 1498 2985 postea

399 3014 427 3069 in
456 3014 510 3071 line
539 3014 598 3085 ejus
622 3013 717 3084 ospitis
741 3012 898 3068 adverbium
917 3014 1017 3083 purtim
1046 3015 1500 3087 oononrlt‚,qnidqun1nconlerne
1595 3013 1596 3018 ’

399 3122 495 3190 potest
516 3117 551 3173 ad
572 3115 726 3171 firmandam
741 3114 889 3170 lectionem
908 3116 1054 3187 pollicitus
1074 3158 1083 3174 .
1106 3158 1113 3172 .
1135 3158 1143 3172 .
1166 3157 1172 3172 .
1192 3110 1293 3188 'furtim
1310 3120 1498 3189 traditurum

379 3234 559 3293 ‚qusmqosnt
572 3216 754 3289 Kiesslingins
776 3225 964 3289 argumentum
977 3218 1042 3273 inde
1059 3217 1172 3290 petiisse
1193 3219 1246 3275 sibi
1260 3220 1374 3278 videtur.
1417 3224 1498 3280 Nullo

397 3326 481 3383 modo
508 3323 580 3381 enim
607 3319 675 3377 illnll
699 3321 800 3393 furtim
828 3322 890 3375 cnm
910 3321 1046 3378 Labeonis
1075 3323 1269 3393 prontissis
1296 3326 1446 3398 eohneset,
1469 3332 1497 3383 et

398 3428 498 3485 eodem
516 3424 579 3495 lene
601 3424 783 3496 aliquodpiana
805 3424 967 3480 venabulum
983 3440 1021 3481 ex
1041 3425 1091 3480 illo
1113 3425 1179 3481 Ιοοο
1192 3424 1246 3481 huo
1266 3428 1417 3485 transient-o
1437 3444 1493 3501 po-

396 3539 447 3589 tas.
491 3530 534 3587 Ao
562 3544 598 3585 ns
626 3528 721 3585 eadem
749 3527 857 3599 quidem
886 3528 928 3583 uis
955 3527 983 3583 io
1009 3526 1144 3583 adverbio
1169 3528 1269 3599 pusulo
1290 3536 1407 3601 utronno
1429 3532 1493 3589 loeo

396 3638 516 3703 inesset3
547 3631 647 3704 quippe
677 3630 785 3686 Tsoitus
814 3630 886 3685 idem
915 3630 942 3684 in
965 3627 1106 3685 Germania
1135 3630 1235 3687 lootnm
1263 3647 1327 3688 esse
1352 3641 1493 3705 memorat,

397 3736 575 3813 qnodLivios
596 3734 697 3804 XXIX,
719 3733 749 3788 6.
769 3730 842 3803 epod
855 3730 990 3786 Bruttios:
1013 3732 1256 3803 latrociniis,
1277 3734 1377 3806 inquit,
1403 3739 1494 3809 mopis

398 3858 483 3918 quous
498 3840 515 3913 5
521 3844 605 3895 usto
628 3836 724 3892 lello
747 3836 778 3890 iu
799 3832 1107 3905 uututsperetaatss
1123 3852 1178 3893 ses.
1221 3836 1295 3891 Idem
1310 3838 1421 3894 Tanites
1442 3840 1460 3895 Ι.
1475 3840 1493 3896 Ι.

398 3948 476 4004 hisee
496 3942 588 4001 verbis
611 3936 760 4010 signifieat:
784 3944 812 3992 et
831 3937 962 4007 furtim
990 3938 1095 4009 stupis,
1118 3953 1203 4011 quom
1224 3936 1321 3995 tello
1344 3940 1492 3997 caum-

395 4052 472 4125 lutes
493 4046 700 4114 Marsacosque
727 4037 903 4095 iuoursulat.
955 4039 1082 4096 catenum
1114 4056 1181 4097 usos
1208 4042 1329 4097 infinitivi
1361 4043 1410 4100 lut.
1439 4050 1492 4100 not.

397 4154 570 4211 traditum
589 4152 620 4201 et
641 4143 744 4215 ellipsis
765 4141 935 4213 pronominis
955 4159 987 4199 ss
1008 4150 1036 4199 et
1056 4143 1135 4201 verbi
1155 4143 1313 4200 substantivi
1342 4162 1404 4201 asse
1425 4146 1490 4203 loeo

398 4248 605 4319 aXiesslinpio
635 4246 717 4302 allato
740 4246 924 4315 fflmaneotnr,
946 4246 970 4300 si
991 4245 1074 4301 mollo
1096 4247 1231 4319 exemplis
1259 4248 1318 4318 ejus
1339 4253 1491 4304 sanctonae
1594 4289 1595 4308 Ι

395 4374 465 4429 opos
487 4354 571 4409 asset
614 4348 653 4407 lbi
683 4348 753 4405 enim
780 4350 850 4405 haec
878 4349 1019 4419 leguntur:
1044 4350 1321 4423 pollicitusque,
1342 4351 1370 4405 si
1393 4367 1488 4423 prue-

394 4460 496 4517 stdium
511 4456 644 4525 duretur,
667 4454 811 4509 iturum
831 4454 862 4508 lu
883 4452 1011 4509 Botonos
1032 4459 1061 4507 et
1069 4454 1211 4525 potionem
1232 4454 1357 4509 mustis
1374 4461 1489 4525 purtem

394 4564 434 4620 ost
461 4560 626 4619 societatem
649 4558 807 4614 Romanum
840 4562 1098 4613 astrueturuu.
1153 4554 1256 4612 tosus
1290 4555 1376 4611 ultera
1402 4555 1486 4612 lentio
