3525 5500
878 660 1030 757 A

398 862 528 918 nonnulla
548 867 652 918 tanmm
671 860 799 917 vitiorum
821 875 925 931 genera
948 859 1066 931 collegit
1087 864 1116 917 el
1136 858 1185 915 solr
1208 856 1307 915 ecdem
1327 870 1434 927 penore
1455 855 1501 913 di·

400 982 481 1022 rersa
502 972 584 1035 atque
605 965 694 1021 aliena
715 964 847 1020 interdum
874 964 1029 1033 recensuit3
1059 961 1134 1033 quod
1163 961 1293 1032 imprimis
1314 959 1501 1031 reprehendes

396 1068 425 1123 in
445 1069 494 1140 iis,
517 1084 587 1140 qnae
610 1067 645 1123 de
667 1067 851 1139 dittographia
881 1067 1018 1139 exposuit
1063 1064 1141 1134 Quae
1164 1074 1243 1135 quern
1264 1064 1302 1121 its
1322 1064 1394 1134 sint,
1417 1080 1501 1137 spero

396 1171 477 1242 lore,
498 1178 528 1226 ut
549 1171 620 1227 haud
642 1170 786 1226 alienama
809 1170 904 1226 critica
920 1184 1032 1241 operam
1047 1185 1080 1225 ea
1102 1170 1129 1225 in
1150 1179 1181 1223 rc
1197 1166 1404 1238 collocaverim,
1428 1168 1502 1239 qnod

397 1275 539 1346 potissima
575 1274 700 1330 vitiorum
728 1279 758 1329 et
785 1273 999 1345 corruptelarum
1034 1288 1155 1343 genera,
1184 1286 1237 1329 sno
1267 1270 1396 1341 quodque
1422 1270 1501 1343 loco,

396 1376 521 1433 distincta
547 1392 697 1433 recensere
719 1382 832 1432 wnatus
855 1377 920 1447 sim,
944 1392 998 1447 quo
1021 1375 1194 1431 fundamento
1207 1388 1295 1429 meae
1317 1373 1404 1445 ipsius
1427 1374 1500 1431 alio-

394 1495 508 1550 rumque
534 1478 739 1535 emendationes
773 1478 918 1535 fulciantur
948 1494 981 1535 ac
1012 1477 1200 1534 sustineantur.
1246 1474 1315 1544 Quo.
1331 1490 1442 1537 munere
1464 1478 1501 1535 ita

303 1617 308 1625 ,
395 1582 561 1653 fungendum
585 1581 694 1652 curavi,
715 1588 745 1636 ut
767 1582 908 1651 codicem,
931 1580 1003 1637 unde
1016 1580 1142 1651 exempla
1157 1580 1365 1650 depromerem,
1387 1580 1415 1635 in
1437 1580 1499 1637 An·
1536 1622 1539 1625 -

394 1685 493 1740 natium
514 1684 589 1739 libris
609 1700 661 1739 sex
683 1684 820 1754 prioribus
835 1709 873 1721 --
890 1682 918 1739 id
940 1684 1014 1754 quod
1026 1699 1076 1753 per
1096 1697 1129 1737 se
1144 1680 1303 1751 intelligitur
1322 1707 1356 1719 -
1374 1682 1499 1745 codicem
1596 1730 1599 1747 ,

395 1787 503 1842 unicum
521 1786 688 1856 tlediceum‚
710 1787 738 1840 in
753 1786 896 1841 Annalium
909 1786 1008 1842 ceteris
1023 1791 1051 1841 et
1069 1786 1095 1841 in
1110 1784 1286 1843 ilistoriarum
1300 1784 1375 1840 libris
1387 1784 1500 1844 alterum

397 1889 549 1945 llediceum
561 1889 766 1959 langobardicis
782 1890 868 1945 literis
882 1895 1022 1944 exaratum
1044 1888 1212 1959 deligerem,
1235 1888 1316 1945 etiam
1328 1887 1352 1945 si
1373 1888 1419 1944 alii
1436 1889 1498 1947 libri

393 1991 455 2047 listi
478 1998 524 2046 ont
545 1991 632 2047 ceteri
654 2008 750 2048 omues
772 1992 906 2047 diversam
928 1991 1076 2047 lectionem
1091 1990 1251 2047 offerebant.
1294 1990 1338 2045 Ex
1359 1990 1393 2049 iis
1415 1992 1497 2061 enim,

396 2109 467 2164 qaae
487 2109 569 2166 supra
592 2094 629 2150 de
649 2093 718 2165 lide,
747 2095 909 2151 anctoritate
932 2100 971 2164 et,
1001 2100 1030 2149 ut
1051 2094 1092 2151 sic
1114 2093 1246 2163 dixerim,
1275 2092 1388 2163 ingenio
1417 2090 1496 2160 hujus

393 2197 499 2253 codicis
521 2198 655 2268 exposui,
683 2197 766 2254 facile
787 2197 964 2268 intelligitur,
992 2196 1072 2253 etiam
1094 2197 1146 2252 hac
1167 2196 1195 2251 in
1217 2212 1248 2253 re
1269 2210 1314 2251 ma
1335 2202 1412 2253 recte
1434 2213 1496 2253 enm

393 2305 517 2356 secutum
537 2316 602 2355 esse
625 2300 729 2356 ducem
772 2300 868 2371 Neque
883 2299 955 2355 enim
969 2316 1070 2369 cerno,
1094 2316 1148 2371 quo
1172 2299 1225 2355 nlio
1239 2298 1322 2355 modo
1337 2298 1495 2355 mendorum

391 2418 505 2473 genera,
528 2418 598 2472 quae
619 2402 647 2457 in
668 2403 853 2458 vetustissimo
875 2404 1027 2474 archetypo
1042 2404 1202 2475 plerumque
1221 2402 1376 2459 occurrisse
1396 2401 1495 2461 uiden·-¹

390 2511 451 2575 tur,
473 2503 641 2575 investigare
663 2511 745 2576 atque
766 2505 800 2559 ud
821 2505 911 2560 lucem
933 2506 1060 2576 prolerre
1072 2506 1216 2577 potuerim
1261 2504 1387 2563 ceterum
1408 2503 1497 2561 varias

391 2605 480 2662 (lodd.
501 2606 686 2663 Mediceorum
713 2606 849 2663 lectiones
871 2604 1004 2674 conjunxi
1034 2613 1063 2663 et
1090 2608 1248 2679 promiscue
1275 2607 1367 2678 attuli,
1398 2607 1515 2678 quippe,

392 2708 437 2780 qui
466 2708 593 2766 lrlrrarios
614 2709 755 2782 utriusque
768 2710 829 2767 listi
849 2710 879 2766 in
900 2711 996 2768 eadem
1008 2709 1068 2768 lere
1089 2712 1154 2768 vitia
1170 2711 1298 2783 delapsos
1314 2706 1379 2768 esse
1395 2710 1497 2769 obser-

389 2813 517 2868 vaverim
578 2811 639 2882 Qua
668 2829 706 2870 re.
729 2814 809 2870 etiam
831 2830 867 2870 eo
891 2815 1030 2886 adducor,
1053 2821 1082 2870 ut
1097 2815 1271 2872 .Doederlino
1293 2830 1319 2885 p.
1342 2815 1400 2872 XV.
1424 2830 1496 2870 con-

388 2915 510 2971 sentiens
538 2922 681 2986 utmmque
715 2932 752 2972 er
780 2934 835 2973 uno
866 2919 1020 2989 codemque
1050 2919 1201 2988 archetypo
1230 2917 1342 2974 duxisse
1371 2917 1498 2975 arbitrer.

387 3015 449 3073 lloo
472 3033 567 3072 ornnes
596 3017 738 3073 Annalium
767 3025 796 3075 et
816 3020 1004 3076 Historiarum
1021 3020 1106 3074 libros
1136 3018 1324 3086 coadunaret,
1352 3018 1497 3076 sedeam

388 3119 481 3189 iniquo
505 3126 551 3175 ant
572 3120 687 3176 barbara
718 3121 838 3194 incuria,
864 3123 963 3182 nescio
991 3137 1048 3192 quo
1077 3127 1216 3193 tempore,
1242 3118 1357 3176 scissum
1385 3119 1495 3178 discer-

387 3228 516 3293 ptumque
538 3238 602 3280 esse
623 3223 745 3295 videtur,
767 3225 805 3280 ita
826 3231 855 3280 nt
875 3224 1001 3295 singulae
1024 3229 1122 3278 tantum
1143 3221 1377 3294 partestemporis
1397 3218 1495 3288 injuria

388 3325 530 3396 dispersae
564 3331 663 3396 postea
692 3326 798 3382 demum
819 3327 846 3382 in
868 3342 961 3382 manus
988 3326 1124 3382 hominum
1156 3341 1211 3382 non
1233 3325 1420 3380 illiteratorum
1448 3325 1494 3380 in-

389 3427 521 3498 ciderint,
552 3443 666 3499 qnorum
686 3429 822 3487 beneficio
844 3429 978 3502 reliquiae
1001 3429 1116 3487 Tacitioi
1138 3429 1230 3502 operis
1252 3425 1407 3501 posteritati
1428 3442 1492 3484 ser-

388 3530 469 3584 vatae
491 3529 552 3585 sint.
597 3531 759 3603 Comparari
780 3538 870 3588 autem
892 3531 1077 3588 Mediceorum
1099 3531 1181 3590 codd.
1203 3530 1299 3588 menda
1321 3536 1350 3586 et
1370 3545 1490 3601 corrup-

344 3650 346 3653 ·
387 3629 458 3686 telas
480 3647 540 3687 cum
562 3633 683 3690 lectione
705 3639 751 3688 aut
771 3613 890 3689 omnium
914 3634 1048 3690 editorum
1070 3634 1252 3690 recentiorum
1267 3633 1411 3688 consensu*
1427 3631 1491 3688 vul-

388 3739 453 3804 gata
475 3741 520 3789 aut
542 3741 618 3791 certe
634 3736 736 3807 optimo
759 3735 858 3806 cuique
872 3737 968 3792 critico
991 3735 1105 3807 probata
1122 3753 1155 3793 ao
1176 3739 1306 3807 recepta,
1329 3751 1364 3791 ne
1386 3735 1491 3791 somnia

384 3834 449 3890 milri
471 3836 601 3907 lingendo
624 3853 729 3909 genera
750 3839 876 3895 uitiorum
899 3845 927 3895 et
948 3839 1072 3912 exempla
1100 3839 1184 3897 hodie
1213 3837 1365 3922 collegisse
1386 3839 1491 3910 videar,

469 4138 635 4205 ingeniosam
653 4140 922 4207 argumentationem,
948 4151 1000 4207 qua
1025 4155 1074 4192 eae
1099 4136 1283 4192 defenduntur.
1317 4138 1412 4208 Neque
1431 4137 1491 4189 Kri-

468 4224 537 4274 taius
559 4225 587 4275 in
605 4223 730 4292 Proleqq.
747 4225 792 4282 ed.
810 4225 880 4281 Vell.
899 4241 947 4277 eos
959 4226 1085 4292 scopulos
1103 4233 1302 4293 praeterveetus
1321 4234 1379 4290 est,
1398 4239 1490 4291 quam·

471 4325 548 4377 qnam
566 4309 593 4360 id
611 4311 703 4361 vitium
720 4313 748 4362 in
765 4312 871 4364 Velleio
891 4319 964 4364 certe
983 4311 1044 4363 ideo
1065 4313 1153 4381 aliqua
1171 4327 1204 4364 ex
1220 4321 1296 4382 parte¹
1314 4309 1492 4364 excusandum

469 4394 590 4459 ridetur,
610 4395 682 4464 quod
704 4396 779 4448 nulla
802 4397 885 4449 editio
905 4405 1003 4448 tantam
1022 4379 1204 4450 auctoritaiem
1222 4407 1365 4452 consecuta
1385 4403 1443 4460 ert,
1463 4404 1492 4452 ut

467 4482 617 4546 mavimam
646 4482 776 4551 quandam
798 4485 854 4535 vim
870 4483 992 4536 hahuerit
1009 4484 1044 4536 ad
1062 4492 1170 4538 certam·
1186 4483 1341 4550 scripturam
1357 4483 1491 4552 vralpatarn

466 4568 687 4625 constituendam.
