3525 5500
881 616 1033 710 -Q-

409 815 509 872 iactum
531 821 590 886 eat,
612 813 703 886 ibique
723 815 834 870 veritum
856 815 958 872 andire
984 812 1062 872 brevi
1081 812 1249 878 antecedens
1277 812 1391 870 tomen
1413 815 1501 872 nadi-

409 925 491 974 tnrna
513 917 602 972 traxit.
651 917 752 974 Rmnns
782 917 828 973 vix
857 933 938 975 unum
964 922 1009 972 ant
1037 916 1150 974 aimrnrn
1177 916 1267 974 iocum
1286 916 1429 989 reperies,
1451 934 1502 988 qno

408 1019 533 1096 librarian
556 1019 619 1076 eod.
633 1019 700 1091 un,
722 1019 854 1076 incertum
872 1035 907 1074 nn
919 1019 1096 1090 archetypum
1116 1024 1246 1089 secutus,
1268 1019 1380 1074 veiham
1395 1021 1501 1078 endere

411 1122 438 1178 in
463 1123 565 1180 andire
593 1138 647 1180 non
676 1122 835 1194 corruperit.
879 1122 917 1178 lta
945 1121 973 1180 in
1000 1121 1064 1182 cod.
1090 1123 1141 1178 hia.
1171 1121 1271 1192 iegitur
1298 1120 1333 1178 Δ.
1355 1122 1434 1193 mv,
1456 1123 1504 1178 58.

403 1225 552 1294 *audiente
576 1223 609 1279 A.
631 1225 698 1294 XV,
722 1223 771 1278 53.
794 1223 977 1294 audientiam
999 1224 1031 1282 Η.
1052 1224 1081 1295 Ι,
1103 1223 1132 1278 3.
1154 1224 1319 1301 audientem
1342 1240 1370 1280 c.
1390 1224 1421 1281 6.
1443 1241 1501 1280 nc·
1595 1208 1596 1221 ἦ

404 1327 510 1397 diecti3
533 1343 560 1395 c,
583 1325 632 1388 at.
654 1327 897 1400 audiendumqn03
920 1343 946 1384 c.
968 1327 1018 1384 60.
1033 1333 1111 1384 ente
1142 1327 1308 1396 ccdiecdnp
1331 1326 1363 1382 Η.
1391 1326 1428 1399 Η,
1453 1328 1498 1383 78.

406 1430 462 1488 init.
492 1430 655 1486 audientius
683 1445 734 1502 pro
764 1430 898 1500 cadenti,
932 1430 1104 1500 credentiae,
1137 1429 1277 1487 ccdmtcc
1305 1435 1360 1484 etc.
1389 1429 1503 1504 ‚ltaque

406 1531 534 1603 auspicor
564 1531 643 1588 ctiam
674 1530 705 1586 Η.
737 1532 787 1602 lV,
810 1531 862 1588 49:
890 1532 1048 1604 scripturam
1076 1531 1121 1588 ed.
1138 1532 1212 1603 Spin.
1240 1531 1378 1588 cudendi
1406 1532 1434 1587 in
1455 1533 1504 1588 Ηι.

404 1635 529 1706 reperiri.
562 1685 564 1690 ,
915 1685 919 1692 ,
1098 1639 1100 1644 ’

506 1736 615 1794 hiterae
633 1735 651 1806 s
669 1741 697 1792 et
719 1743 729 1792 t
751 1735 778 1792 in
800 1735 962 1794 codicehia.
985 1736 1062 1795 hisce
1083 1736 1154 1792 lucia
1175 1735 1309 1792 ennianae
1329 1743 1392 1792 aunt
1417 1733 1503 1805 76’);

403 1838 437 1896 Α.
460 1839 540 1909 ΗΝ,
560 1838 588 1896 8.
610 1845 794 1910 retractoque
811 1839 907 1910 jacce
920 1839 948 1896 iu
962 1855 997 1894 en
1013 1839 1112 1910 lapimr
1125 1855 1178 1912 pro
1191 1839 1502 1913 refractaquejncnm

404 1941 437 1998 tt.
459 1941 487 2012 l,
509 1939 565 1997 at„
582 1943 709 2010 omisisse
729 1949 771 1998 tot
790 1941 890 2013 samace
910 1958 962 2014 pro
977 1943 1117 1998 efflasset
1144 1942 1286 2014 offensam
1308 1959 1333 1998 c.
1356 1941 1406 1999 nt.
1427 1961 1503 2000 con·

402 2043 516 2114 fractae
548 2044 673 2116 icpiocet
699 2059 750 2116 pro
780 2051 950 2100 contractae
977 2045 1120 2115 lanicutem
1141 2043 1173 2100 Η.
1195 2045 1247 2116 Ν,
1271 2044 1504 2119 29.etfo19m

402 2161 454 2217 pro
478 2145 634 2229 effnipem3
662 2162 687 2204 c.
712 2146 760 2205 30.
788 2147 867 2218 infun
894 2155 993 2204 castra
1019 2162 1071 2218 pro
1097 2126 1175 2204 intre
1204 2155 1307 2204 castre.
1351 2149 1390 2204 ite
1410 2149 1442 2206 Η.
1464 2150 1504 2220 lli,

408 2251 455 2305 77.
478 2250 595 2306 varietas
617 2249 744 2304 lectionis
775 2255 834 2306 orta
864 2257 907 2305 eat
928 2265 964 2305 ex
993 2249 1135 2322 archetypi
1156 2249 1289 2322 scriptura
1311 2251 1388 2306 tradi
1407 2251 1504 2322 furem

403 2367 454 2422 pro
478 2352 596 2422 genuina
620 2352 807 2423 traditarum,
831 2369 908 2423 quam
922 2351 1046 2423 Bekker,
1069 2335 1174 2423 Rider,
1194 2351 1339 2427 Rupertiua
1360 2369 1411 2426 per
1432 2371 1505 2414 con-

402 2455 537 2524 J’cctnram
558 2454 766 2525 rescripserunt.
783 2444 863 2521 ⁷6b).
905 2455 1043 2510 Exhibeat
1068 2455 1139 2511 enim
1161 2454 1243 2511 codd
1256 2435 1437 2513 xlhahdidta.
1459 2453 1504 2523 (in

403 2551 506 2630 marg.)
530 2556 573 2612 ed.
597 2557 666 2628 Spir.
697 2558 774 2612 tradi
800 2557 945 2628 suturam,
973 2556 1055 2612 codd.
1082 2555 1235 2612 (t.1t.0.0a.
1264 2557 1327 2613 edd.
1355 2557 1415 2616 Pnt.
1444 2575 1504 2630 aqq.

400 2661 500 2732 furtim
529 2661 707 2718 traditurum.
760 2660 846 2716 Recte
872 2659 958 2730 igitur
986 2658 1020 2714 Α.
1050 2658 1114 2729 xtt,
1145 2658 1195 2714 68.
1223 2675 1264 2731 pr.
1292 2659 1504 2733 Bezzenberger

402 2764 419 2820 1.
442 2764 459 2819 l.
481 2780 509 2835 p.
532 2762 581 2818 30.
605 2762 741 2833 vulgatam
752 2762 901 2819 lectionem
923 2780 987 2818 cnm
1002 2762 1066 2834 jam
1088 2763 1228 2817 emenderis
1250 2762 1375 2819 cestibus
1397 2773 1425 2821 et
1444 2766 1502 2837 so-

402 2868 536 2939 mcntis
559 2864 738 2938 ohtcperctnr
758 2867 866 2922 mutavit
888 2866 915 2921 in
937 2866 1123 2923 tementis.
1167 2865 1203 2920 Et
1224 2872 1302 2923 certe
1321 2866 1356 2923 ad
1377 2874 1502 2925 mortno-

282 2982 286 2992 ‘
402 2986 460 3028 rum
476 2984 601 3039 corpora
625 2966 781 3037 obtegenda
802 2968 922 3025 fomente
944 2968 1065 3026 adhiberi
1086 2984 1142 3023 non
1163 2968 1263 3025 acient

505 3069 733 3141 Frequenticsinra
762 3076 850 3125 autem
879 3075 924 3125 eat
949 3070 1077 3126 ocniuaio
1105 3070 1241 3125 literarum
1269 3072 1282 3126 i
1311 3076 1339 3127 at
1365 3072 1377 3128 l
1401 3068 1454 3136 ⁷⁷)
1476 3073 1502 3127 in

437 3286 502 3381 ida)
522 3316 657 3371 Eiusmodi
675 3315 838 3369 confusionis
857 3316 977 3383 exempla
1002 3319 1029 3371 in
1047 3325 1111 3370 vett.
1129 3317 1227 3370 Veiiah'
1249 3317 1323 3370 lihrie
1341 3318 1422 3371 chria
1438 3319 1492 3370 rid.

488 3405 515 3455 in
539 3403 618 3456 Kritz.
643 3402 769 3471 Prolegg.
790 3419 816 3469 p.
834 3402 976 3456 LXXXVII}
998 3412 1025 3455 et
1046 3402 1112 3457 xci.
1148 3402 1201 3455 Gir.
1226 3404 1304 3456 etiam
1328 3403 1447 3471 scioppii
1468 3404 1502 3456 de
1595 3437 1596 3440 =

427 3539 430 3547 ,
488 3496 544 3541 arte
563 3491 619 3541 crit.
638 3496 776 3543 comment.
795 3504 817 3541 a.
834 3502 878 3539 vv.
894 3491 971 3555 fpro
989 3498 1000 3539 t
1017 3491 1171 3555 ettprof.

438 3570 675 3635 connectamur
702 3574 857 3627 traditarum
874 3573 996 3640 probauit
1024 3582 1050 3625 et
1066 3573 1178 3626 Kritniua
1197 3574 1231 3627 ad
1248 3573 1316 3625 Veli.
1333 3573 1371 3636 Η,
1400 3569 1458 3637 130,
1476 3571 1501 3627 3.

488 3674 514 3725 p.
531 3658 596 3722 547,
615 3675 767 3727 quamquam
784 3660 855 3709 tradi
860 3661 981 3723 sutanum
997 3676 1032 3711 ex
1043 3659 1102 3710 aeia
1113 3659 1184 3712 iliiua
1193 3657 1319 3713 vocabuli
1331 3658 1501 3711 distractione

489 3752 573 3798 ortum
590 3752 672 3811 putat.

437 3827 485 3892 tt)
503 3828 603 3883 Eadem
621 3830 741 3883 consocio
769 3831 795 3883 in
820 3829 879 3883 aliie
904 3844 1011 3897 quoqne
1035 3828 1110 3882 iibria
1132 3830 1204 3881 idatio
1228 3829 1339 3883 subinde
1362 3830 1499 3897 reperitur.

488 3914 533 3967 sic
549 3915 639 3984 Agric.
655 3913 672 3965 9
690 3918 717 3967 in
736 3915 795 3969 cod.
814 3916 872 3970 Vnt.
888 3913 965 3970 4498.
981 3915 1095 3981 sacchar
1110 3931 1158 3981 pto
1168 3916 1285 3981 faciliter
1302 3915 1351 3978 (dc
1370 3930 1422 3983 qua
1438 3931 1501 3981 per-

486 4008 566 4069 petua
578 4001 733 4056 confusione
746 4000 792 4053 cir.
804 4000 835 4053 Η.
846 4000 971 4067 Stephani
986 3998 1103 4072 θυείας.
1121 3999 1176 4053 Cic.
1189 4017 1215 4067 p.
1229 3997 1303 4063 107.)
1316 4009 1342 4053 et
1355 3998 1441 4054 Germ.
1458 3999 1500 4053 28.

487 4088 514 4139 in
534 4087 611 4141 codd.
629 4087 701 4137 histis
721 4094 747 4137 et
768 4086 828 4139 add.
847 4093 911 4138 vett.
931 4086 1024 4137 Neruii
1040 4102 1088 4152 pro
1108 4087 1197 4137 Nervii
1213 4086 1318 4154 legitur.
1355 4084 1439 4140 Germ.
1457 4082 1497 4136 22.

487 4172 609 4242 pierique
629 4172 706 4233 codd.
723 4174 774 4223 ioci
790 4186 840 4239 pro
857 4172 908 4223 loci
931 4171 1072 4235 exhibent,
1096 4179 1124 4221 nt
1142 4171 1251 4224 Martici.
1269 4171 1319 4235 xi,
1337 4170 1421 4235 ond
1439 4170 1499 4224 cod.

487 4258 621 4311 Palatinus
638 4260 711 4311 icona
729 4274 776 4325 pro
794 4258 875 4312 locun.
910 4258 1022 4314 martial.
1041 4257 1104 4322 vlu,
1122 4254 1171 4321 37,
1190 4256 1202 4307 1
1223 4264 1250 4309 et
1265 4258 1284 4309 4
1301 4258 1375 4310 multi
1393 4265 1420 4314 ct
1436 4255 1499 4307 honi

488 4343 549 4395 libri
573 4341 694 4395 Caietano
718 4359 765 4409 pro
791 4340 915 4401 Camtcmo
940 4343 1078 4409 praebent.
1110 4342 1176 4397 lhid.
1192 4342 1252 4407 xit,
1269 4341 1320 4407 82,
1340 4342 1369 4397 ii
1394 4344 1421 4393 in
1439 4341 1498 4393 cod.

488 4426 624 4481 Puteaneo
647 4430 756 4495 inpactae
780 4444 828 4495 pro
845 4429 955 4495 ¹lecpocne
972 4445 995 4483 a.
1013 4430 1120 4495 lupence
1137 4428 1244 4497 legitur.
1278 4429 1353 4482 Varr.
1371 4428 1406 4480 de
1423 4428 1452 4479 t.
1463 4427 1492 4477 7..

488 4511 521 4564 V.
538 4512 566 4577 §.
583 4511 625 4568 83.
643 4529 669 4581 p.
690 4512 733 4569 33.
751 4513 793 4565 ed.
818 4514 906 4570 nocti.
923 4530 950 4581 p.
968 4512 1010 4569 25.
1028 4514 1071 4567 ed.
1088 4514 1137 4581 Bip
1163 4530 1213 4581 pro
1230 4514 1338 4583 uulgato
1362 4515 1405 4567 alr
1421 4510 1498 4565 codd.
