3525 5500
263 858 311 914 let.
333 863 336 868 ⁴
361 857 437 913 Suet.
463 854 515 911 Jnl.
550 852 607 911 SI.
630 856 825 913 Iuniolaatem
856 854 1004 927 taruspau
1033 852 1179 927 Spurinna
1213 858 1365 929 monuit,

264 968 423 1016 caueret
442 961 623 1032 periculum·
644 959 667 1015 E
680 958 818 1017 contrario
835 958 1017 1031 copulativam
1030 958 1187 1029 particulam
1202 975 1273 1031 que,
1295 976 1366 1030 quaa

262 1068 327 1135 post
349 1063 489 1118 relativum
512 1072 587 1135 quae
609 1063 637 1119 iu
653 1062 779 1118 llerlicco
802 1061 872 1117 lilrro
896 1060 985 1132 deest,
1008 1067 1121 1117 auctore
1143 1062 1231 1119 Neuio
1255 1062 1363 1132 addidi,

263 1166 299 1222 de
320 1183 373 1237 qna
395 1166 586 1221 emendatione
603 1165 638 1220 oh
661 1164 882 1235 perspicuitatem
898 1164 1029 1219 orationis
1051 1164 1209 1221 neccssaria
1223 1165 1274 1221 clr.
1297 1182 1367 1237 quae

261 1270 289 1325 in
316 1275 373 1325 not.
405 1266 454 1324 31.
483 1285 509 1339 p.
534 1268 582 1324 50.
611 1267 715 1337 collegi
745 1268 879 1337 exempla.
908 1268 999 1338 Saepe
1029 1274 1118 1323 autem
1145 1268 1271 1338 copulam
1301 1286 1366 1341 qua,

261 1372 312 1427 nbi.
328 1388 482 1442 pronomen
503 1370 644 1427 relativum
671 1370 716 1427 vel
738 1370 826 1425 simile
848 1369 914 1440 qnid
935 1370 1073 1427 antecedit
1094 1376 1140 1426 aut
1160 1370 1327 1442 insequitur,
1350 1388 1366 1427 a

260 1474 377 1531 litteriis
400 1453 527 1529 omissam
548 1488 611 1529 csse
634 1478 743 1529 constat
769 1465 854 1537 ¹⁶⁴).
1389 1465 1391 1471 ’

354 1578 471 1649 'Reliqui
492 1577 565 1646 loci,
594 1576 691 1646 quibas
713 1575 866 1647 asyndeton
893 1576 920 1633 in
943 1575 994 1631 lla.
1017 1582 1153 1648 repertum
1176 1574 1241 1631 ferri
1262 1582 1365 1647 potest,

262 1684 421 1753 quamquam
442 1681 534 1750 uulgo¹
551 1678 651 1749 copula
664 1678 793 1750 additur,
809 1679 838 1733 hi
858 1686 935 1735 sunt:
959 1676 991 1743 A.
1013 1678 1065 1749 XI,
1090 1680 1117 1733 5.
1141 1677 1227 1735 Gaius
1249 1679 1284 1734 de
1302 1695 1364 1751 po-

260 1787 368 1855 tentia,
397 1782 454 1847 [at]
482 1784 571 1840 esitio
599 1784 630 1838 ia
658 1790 783 1855 tempore
812 1780 984 1839 memorabo.
1035 1781 1068 1837 A.
1099 1782 1165 1851 XII,
1191 1780 1239 1837 19.
1261 1780 1365 1855 Populi

259 1888 383 1944 Romami
410 1884 646 1961 imperatoribus,
679 1883 931 1959 maqaarumlqucl
965 1887 1115 1943 nationum
1149 1883 1271 1961 rapidus.
1330 1885 1365 1947 Α.

258 1990 322 2061 XII,
343 1990 403 2045 ⁶59.
432 1989 548 2045 Falsum
580 1997 795 2059 accusatorem,
829 1989 973 2060 iadiqaas'
993 1997 1072 2045 artas
1095 2006 1262 2061 perpessas
1280 1981 1365 2055 165).

259 2093 293 2148 Α.
314 2094 393 2164 XIII,
418 2090 467 2149 Is.
489 2092 625 2150 Diversus
653 2088 730 2159 (scit.
761 2084 937 2163 lepatioaes)
959 2092 1045 2161 ordo,
1065 2088 1229 2164 pledquue]
1251 2092 1290 2147 ad
1312 2109 1364 2147 se-

258 2205 357 2253 natum
379 2198 536 2267 miseram,-
557 2196 603 2251 ubi
625 2196 725 2267 copula
740 2196 925 2267 superscrIpta
949 2201 991 2251 est
1010 2195 1141 2251 incertum
1163 2194 1366 2253 antecentiore

233 2315 345 2355 manu
389 2299 423 2354 Α.
444 2301 524 2370 XIV,
555 2298 801 2370 cousiniumque
829 2298 931 2367 Burri,
958 2298 1081 2371 praedia
1110 2298 1208 2355 Plauti
1225 2298 1365 2369 -iasausta

257 2405 335 2470 doma
358 2402 550 2475 aecipit,'nbi
579 2408 641 2457 unte
662 2400 816 2460 Bellienum
844 2408 872 2457 et
894 2408 958 2472 post
986 2416 1085 2457 nomen
1107 2400 1185 2457 Burri
1207 2400 1363 2471 legebatur.¹

256 2506 306 2563 llis
329 2506 413 2576 igitur
435 2505 507 2562 locis
530 2504 685 2577 asyndeton
705 2503 872 2563 ideorcote
894 2504 1042 2561 sehabere
1063 2504 1188 2575 videtur,
1212 2504 1292 2577 qaod,
1309 2504 1364 2561 duo

467 2665 511 2675 —0

274 2769 340 2836 164]
359 2771 445 2824 sien.
465 2773 522 2838 XII,
540 2767 583 2826 36.
602 2774 629 2823 in
643 2773 693 2825 aa.
711 2768 846 2838 deestque
866 2779 926 2823 ante
945 2753 1075 2838 quaeque,
1094 2772 1210 2840 itemque
1223 2765 1286 2824 Sall.
1303 2765 1364 2839 Jug.

342 2855 387 2921 27,
400 2858 425 2910 5.
444 2859 469 2908 in
485 2859 586 2925 aliquot
600 2857 749 2920 codicibus,
763 2867 789 2908 ot
802 2857 869 2908 vett.
889 2857 925 2920 ll,
943 2853 992 2918 94,
1010 2857 1035 2910 I.
1053 2859 1080 2908 in
1093 2856 1245 2924 apographo
1258 2855 1365 2909 Amerb.

343 2961 391 3010 que
409 2951 470 2999 ante
485 2960 560 3010 quae.
597 2943 649 2994 Gir.
667 2943 800 2994 Drakonb.
820 2943 922 2994 cdliv.
941 2943 1034 3005 XXIX,
1053 2941 1135 3006 o‚·8;
1154 2942 1235 2995 Illita.
1253 2941 1286 2994 nd
1300 2942 1364 2996 Sall.

343 3029 403 3082 Cat.
426 3027 465 3092 3,·
483 3030 508 3079 5.
533 3036 560 3080 et
582 3028 642 3098 lug.
668 3028 716 3091 27,
743 3030 775 3092 53
793 3029 876 3104 llulm.
895 3028 1005 3081 Emend.
1024 3028 1092 3080 VelI.
1116 3045 1141 3095 p.
1160 3027 1192 3093 6,
1210 3029 1245 3080 ad
1263 3044 1364 3097 quasa

340 3114 442 3167 IIrituio
466 3115 637 3177 inannotat.
657 3115 690 3165 ad
715 3115 844 3178 Vellsll,
870 3112 919 3177 29,
944 3113 967 3167 2.
995 3115 1158 3183 relegamnr;
1181 3131 1261 3184 quam
1277 3123 1364 3168 umen

342 3186 464 3252 Iocum'is
474 3194 563 3266 parum
583 3199 699 3251 feliciter
716 3204 842 3264 tentavit,
860 3209 888 3251 ut
901 3201 966 3252 allas
979 3201 1156 3254 ostendemus.
1193 3201 1249 3252 Hoc
1264 3209 1363 3252 tantum

341 3303 476 3349 memoro,
496 3287 594 3337 inserto
608 3294 668 3352 post
683 3286 836 3352 particulam
849 3287 894 3336 sed
906 3289 1064 3352 prosumiae
1082 3304 1148 3354 quae
1167 3282 1361 3352 simplicissImo

343 3379 369 3422 et
387 3373 476 3422 sensui
496 3380 522 3421 et
541 3372 686 3421 structurae
706 3366 819 3422 consuli.
854 3370 934 3438 Igitur
954 3377 1051 3421 censeo
1070 3367 1226 3438 legendum:
1244 3359 1305 3422 Fuit
1321 3373 1364 3424 tia

343 3459 444 3524 quinitas
461 3467 543 3508 matre
561 3455 679 3520 lucilia,
697 3459 786 3524 stirpis
809 3459 967 3519 senatoriae,
990 3459 1076 3522 forma
1094 3457 1235 3520 eueellems,
1253 3474 1305 3508 aaa
1322 3471 1362 3520 ea,

346 3558 399 3608 qua
415 3544 461 3610 pios
480 3544 670 3593 commendatur
686 3544 794 3604 aetatis,
812 3543 857 3592 sed
873 3557 957 3608 quae
984 3560 1016 3592 ea
1034 3543 1158 3608 diqmitatc
1169 3546 1365 3610 constantiaque

266 3671 270 3678 .
339 3631 369 3690 im
393 3629 465 3681 illam
492 3631 642 3680 conueniens
669 3628 859 3696 amplitudinem
886 3630 1068 3694 fortunamque
1098 3646 1154 3680 ecum
1183 3630 1219 3682 ad
1246 3630 1364 3681 ultimum

339 3716 408 3764 citae
430 3717 549 3765 comitata
578 3722 615 3764 est
638 3715 711 3766 diem.
753 3713 845 3763 Brevis
870 3715 963 3766 aetatis
990 3713 1038 3764 llos
1064 3721 1090 3765 et
1114 3722 1238 3766 constans
1261 3715 1366 3768 Iormao

342 3799 455 3866 dignitas
474 3802 542 3852 inter
560 3817 589 3850 se
608 3809 784 3867 opponuntur.
820 3791 970 3851 Pronomen
993 3817 1061 3866 quae
1084 3793 1166 3851 facile
1184 3799 1270 3868 potuit
1289 3803 1361 3852 exai-

344 3885 408 3954 dere
426 3887 484 3936 sire
502 3895 610 3952 propter
633 3886 854 3953 compendiariam
872 3885 1007 3938 scribendi
1030 3887 1175 3950 rationem,
1194 3887 1228 3938 de
1247 3901 1299 3954 qua
1316 3887 1362 3938 cin.

341 3984 409 4039 quae
422 3971 488 4021 inira
499 3988 525 4038 p.
539 3970 596 4024 174.
607 3987 647 4039 sq.
663 3971 758 4035 dinam,
773 3975 831 4023 sire
845 3973 916 4040 quod
927 3989 993 4039 quae
1004 3973 1215 4040 frequentissima
1228 3973 1361 4026 vocalium

341 4073 373 4107 ae
398 4065 424 4106 ct
448 4066 671 4122 apcrmutntrone
695 4065 723 4107 ut
746 4073 828 4124 saepe
852 4060 879 4108 iu
905 4057 1059 4109 CusselIano
1085 4058 1180 4109 codice
1198 4059 1299 4122 Serin,
1325 4060 1362 4109 ita

343 4141 370 4192 lr.
388 4141 404 4192 l.
425 4143 452 4192 in
471 4141 614 4210 archetypo
633 4143 772 4194 Velleiano
800 4145 829 4194 in
845 4143 1001 4210 particulam
1019 4160 1083 4210 que,
1103 4145 1234 4195 cuiusvis
1254 4149 1280 4195 et
1298 4159 1360 4195 usus

341 4225 418 4280 ab'h.
438 4227 456 4281 l.
469 4231 547 4278 'certe
566 4229 653 4279 aliena
672 4237 730 4291 est,
750 4228 858 4280 abierat.

273 4311 340 4376 165)
359 4311 397 4362 Ita'
415 4311 571 4376 Seyffertum
589 4313 699 4364 Emend.
718 4312 779 4366 Tac.
797 4315 873 4368 Fasc.
893 4314 912 4367 l.
943 4331 968 4380 p.
992 4315 1034 4368 ll.
1060 4313 1200 4382 vulgatam.
1215 4313 1359 4367 lectionem

340 4397 508 4463 indiquasque
525 4399 612 4448 sordes
625 4414 658 4448 ex
670 4407 793 4464 corrupta
803 4399 916 4464 Iledicei
935 4399 996 4452 libri
1013 4402 1142 4466 scriptura
1159 4401 1267 4466 indiquu
1278 4411 1359 4452 sortes

341 4482 456 4533 feliciter
488 4485 636 4534 correxIsse
668 4484 793 4552 equidem
815 4494 895 4552 puto,
928 4486 997 4538 hand
1020 4486 1128 4552 negavit
1149 4485 1369 4556 Bezzenberger,

341 4567 490 4620 Emendatt.
508 4567 604 4622 delent.
621 4585 647 4636 p.
665 4565 709 4622 29.
