3525 5500
745 646 897 740 ..E-¹..

258 846 373 919 Spir.et
394 846 428 904 tl.
451 847 480 919 l,
503 844 553 902 ti.
575 845 602 902 in
625 845 687 904 cod.
700 846 731 902 lt.
747 846 792 906 ed.
806 846 878 920 spir.
893 845 970 918 legi,
991 846 1163 918 caudamque
1183 846 1374 905 conluuionem

264 951 324 1008 Liv.
349 951 448 1022 XXV,
478 949 507 1005 lt.
528 949 600 1006 toll.
621 950 679 1006 Pat
701 949 743 1020 ll,
765 949 823 1021 80,
847 948 875 1006 3.
908 948 1017 1018 Quintil.
1040 949 1091 1020 ut,
1115 949 1153 1021 2,
1176 949 1226 1007 37.
1247 949 1372 1022 reperiri.

377 1053 411 1110 ,Η
435 1053 463 1124 1,
487 1053 535 1108 5⁷.
565 1052 727 1110 vocabulum
760 1053 894 1124 ispanio,
924 1051 999 1123 quod
1032 1052 1168 1124 lipsium,
1206 1051 1368 1125 Acidalium

260 1156 425 1215 lli-uestium
448 1155 609 1226 ollcnderat,
632 1155 698 1212 Otto
716 1154 885 1212 Obancritt.
906 1155 934 1210 in
953 1155 1018 1212 'lac
1040 1151 1158 1220 (iliacae
1173 1151 1273 1221 teta)
1294 1172 1321 1227 p.
1343 1154 1373 1214 ll.

258 1275 321 1330 sqq.
346 1260 475 1316 correxit
494 1260 522 1316 iu
543 1260 676 1316 iumento.
720 1259 779 1315 Viri
791 1257 946 1317 doctissimi
967 1257 1263 1330 aruncum-onium
1276 1261 1374 1316 emen·

260 1362 405 1420 daucnm
429 1363 613 1429 confirmavit,
635 1361 715 1418 nouis
736 1367 816 1418 aucta
836 1361 881 1416 hic
903 1367 1032 1432 repeterc
1053 1361 1145 1430 lubet,
1168 1360 1270 1432 quippe
1291 1377 1372 1432 quum

259 1481 293 1521 ea
316 1465 454 1536 scriptio,
478 1481 529 1536 qua
551 1465 599 1520 illc
619 1481 645 1520 ιι.
663 1461 702 1540 pt.
716 1463 835 1520 Nebeliu
859 1463 930 1518 diem
950 1463 1189 1520 semiaaecularem
1210 1463 1372 1524 doctoratus

260 1568 418 1640 gratulatus
441 1574 500 1638 est,
523 1573 553 1622 ut
573 1567 670 1624 taliltim
692 1565 791 1622 libellis
808 1565 867 1622 lero
890 1565 1006 1637 accidit,
1029 1567 1057 1622 io
1079 1582 1228 1638 paucorum
1249 1567 1370 1623 notitiam

259 1669 378 1728 venunt.
424 1669 544 1726 Piolrena
566 1668 693 1740 quidem,
716 1684 771 1739 quo
800 1667 875 1740 titud,
889 1669 1004 1739 monio
1026 1669 1175 1740 defendat,
1197 1685 1307 1735 sepes
1327 1670 1373 1726 in-

260 1773 382 1844 telligit,
407 1772 463 1844 qui,
479 1771 599 1843 quamvis
621 1787 742 1842 corpore
755 1770 868 1842 iullrmi,
884 1771 1002 1828 consilio
1024 1779 1115 1829 tamen
1135 1772 1284 1844 populares
1304 1787 1372 1832 suot

263 1875 400 1948 adiutura
421 1875 575 1948 potuerint,
597 1874 648 1932 sad
670 1871 736 1930 otto
765 1873 837 1930 bane
867 1874 961 1930 docuit
986 1875 1054 1930 nihil
1074 1873 1111 1931 de
1132 1874 1254 1933 consiliis
1276 1874 1372 1933 danda

261 1979 288 2034 lu.
311 1980 349 2052 l.,
372 1978 421 2036 ulti
444 1978 478 2034 dc
505 1975 568 2034 solo
591 1976 692 2033 bellico
716 1977 1033 2048 apparatumsunt,
1063 1978 1225 2048 memorari,
1246 1977 1275 2034 id
1296 1977 1372 2048 quud

264 2082 347 2138 etiam
376 2097 418 2140 cx
439 2080 615 2152 sequentihus
643 2079 735 2136 verbis
763 2086 882 2152 apparet
927 2079 987 2136 Nec
1006 2080 1096 2150 magis
1117 2080 1268 2151 probabilia
1289 2081 1373 2138 Wal-

262 2185 337 2242 tlreri
360 2183 524 2256 explicatio,
551 2183 635 2240 verba
662 2183 777 2254 inpendo
806 2183 922 2240 uulidaa
943 2183 979 2238 ad
1000 2182 1118 2240 artidcea
1139 2183 1168 2238 in
1189 2185 1269 2240 armis
1293 2183 1372 2240 aliia·

263 2303 317 2361 que
346 2288 417 2344 belli
446 2286 629 2342 insu-umentis
657 2291 783 2342 versatos
811 2285 959 2357 pertinere.
1007 2285 1120 2342 Etiamsi
1147 2285 1285 2342 Daedalus
1314 2285 1372 2357 illc,

264 2407 346 2464 quam
358 2389 453 2446 labula
474 2389 595 2446 lubricae
610 2404 666 2444 nou
687 2388 772 2444 modo
793 2388 1001 2460 peritissimum,
1021 2388 1074 2444 sed
1094 2387 1181 2460 ipsum
1203 2389 1374 2448 inuentorem

261 2495 362 2566 tradit,
386 2509 403 2549 a
431 2500 515 2564 puctu
544 2487 587 2558 (v.
610 2491 689 2548 ovid.
712 2491 774 2548 llet.
797 2490 871 2562 viti,
905 2486 992 2557 159.)
1020 2492 1136 2563 impertio
1163 2490 1268 2563 [obrue
1290 2493 1373 2550 cete-

263 2595 408 2654 totunm
429 2597 501 2652 ortis
517 2595 632 2666 dicitur,
656 2601 744 2650 tamen
765 2610 822 2650 uon
843 2601 904 2664 cst,
926 2593 1001 2664 quod
1022 2594 1122 2652 crudas
1143 2594 1169 2650 lr.
1191 2594 1209 2650 l
1233 2594 1268 2650 dc
1289 2594 1374 2652 tauris

264 2713 405 2757 armorum
425 2699 487 2770 agi,
502 2699 557 2770 uui
579 2703 663 2755 artem
684 2713 760 2754 suam
781 2713 862 2769 supra
879 2697 1021 2768 vulgarem
1042 2696 1152 2754 modum
1172 2697 1210 2753 itu
1231 2712 1372 2755 exercue-

162 2822 163 2829 ¹
266 2803 331 2874 rint,
354 2810 385 2857 nt
408 2800 440 2857 iis
455 2801 559 2872 ingenii
574 2801 695 2857 sollertis
708 2800 797 2861 lausa
813 2800 910 2857 Tacito
927 2800 1098 2857 mitteretur.
1140 2800 1265 2872 Apparet
1283 2806 1374 2859 auteur

269 2904 383 2975 singula
408 2903 536 2959 enuntiati
558 2902 713 2959 seomrdurii
734 2902 852 2959 membra
874 2902 989 2973 singulis
1001 2903 1121 2975 mimaril
1141 2904 1233 2961 uerbis
1246 2919 1369 2975 reapon-

267 3007 356 3077 dere3
385 3020 476 3077 neque
502 3011 591 3061 umen
622 3004 764 3076 quidquam
793 3010 851 3075 est,
875 3004 950 3075 quod
975 3006 1062 3063 verbo
1082 3007 1198 3079 inpacto
1226 3013 1292 3078 apte
1318 3020 1369 3063 ra-

270 3109 419 3181 upoudeat.
462 3109 510 3165 Sin
523 3110 649 3165 iumento
672 3107 801 3179 corrigis,
824 3107 932 3178 singula
951 3106 987 3162 ita
1001 3107 1072 3165 inter
1086 3125 1118 3165 sc
1138 3110 1317 3181 respondent,
1341 3116 1371 3166 ut

265 3212 383 3269 cucilla
413 3218 539 3267 constent
568 3226 604 3267 ex
633 3228 752 3285 corpore
780 3211 798 3266 i.
829 3226 853 3267 c.
881 3210 1051 3282 hominibus,
1081 3228 1164 3268 ormo
1191 3220 1220 3269 et
1243 3215 1373 3287 pecunia

264 3314 454 3385 significentur
477 3312 591 3387 opibus,
615 3314 680 3387 equi
701 3312 818 3385 denique
840 3314 1042 3385 adjumentum
1064 3314 1234 3386 releruntur3
1256 3333 1318 3373 uam
1339 3314 1375 3372 ad

264 3416 389 3487 jumenta
410 3429 514 3487 equos,
538 3416 636 3487 mulus,
652 3417 790 3488 camelos,
814 3423 907 3473 cetera
920 3418 1044 3473 animalia
1057 3418 1197 3475 dussuaria
1210 3419 1375 3491 pertinuisse

267 3526 386 3577 constat.
430 3519 471 3576 Ol.
498 3518 647 3578 Foruclliui
675 3520 742 3577 Lern
767 3519 797 3575 L.
823 3519 853 3575 t.
881 3536 904 3575 s.
934 3537 960 3575 ι.
989 3522 1162 3592 inmotum,
1196 3521 1272 3592 quod
1301 3522 1371 3577 adiri

264 3622 344 3693 jubet
368 3621 451 3693 Otto,
474 3621 519 3693 qui
541 3620 701 3693 amonuit,
724 3639 760 3679 nc
781 3622 812 3677 in
837 3636 872 3679 eu
890 3622 1076 3694 offendamus,
1100 3624 1173 3695 quod
1196 3641 1252 3681 noa
1273 3624 1374 3683 eodum

266 3724 364 3781 ordine
386 3724 470 3781 verba
497 3724 549 3781 sibi
578 3724 780 3796 respondeant3
802 3724 830 3780 id
853 3725 924 3781 enim
954 3726 987 3782 ab
1011 3726 1120 3798 optimis
1142 3744 1228 3800 saepe
1250 3730 1373 3800 scripto-

264 3828 340 3884 ribus
370 3827 527 3899 negleclum
555 3844 626 3883 ease.
651 3827 732 3899 Cujus
761 3828 802 3885 rei
825 3844 934 3883 causam
955 3829 1071 3900 positam
1086 3846 1149 3887 esse
1169 3838 1198 3888 ct
1219 3832 1246 3887 in
1269 3831 1373 3887 celeri-

264 3935 337 4003 tate,
374 3947 425 4001 qua
453 3930 481 3985 in
507 3931 622 4003 singulis
650 3932 732 3987 rebus
768 3931 959 3989 enumerandis
991 3939 1112 4004 utamur,
1141 3940 1172 3989 et
1196 3934 1224 3989 in
1251 3951 1375 4005 numero,

267 4034 313 4103 qui
349 4049 434 4105 saepo
469 4034 608 4105 laedatur,
639 4034 662 4090 si
690 4035 798 4106 singula
831 4035 947 4105 singulis
980 4035 1015 4090 ad
1046 4035 1157 4093 veritum
1189 4042 1370 4109 opponantur.

267 4134 362 4191 Addas
399 4136 520 4191 Tacitum
547 4137 682 4195 sermonis
712 4137 878 4209 elegantiam
913 4138 1046 4194 interdum
1083 4139 1170 4195 uideri
1207 4138 1376 4210 quaesivisse

266 4235 296 4291 iu
318 4244 396 4309 grata
424 4238 592 4311 negligentia
623 4238 751 4311 quadarn,
780 4256 849 4311 quac
879 4239 986 4310 quidem
1016 4258 1052 4296 ex
1075 4239 1220 4297 ciceronis
1243 4242 1372 4300 oratione

270 4342 393 4399 omuibus
408 4342 533 4399 membris
555 4342 662 4413 aequali
674 4349 702 4397 et
724 4343 888 4415 congruenti
907 4342 1041 4400 aestimari
1062 4360 1117 4399 nou
1140 4343 1260 4416 debeat,
1282 4362 1373 4419 neque

268 4436 358 4501 umen
379 4451 491 4503 nostrae
519 4446 616 4503 aetatis
646 4446 800 4504 oratoribus
821 4446 915 4519 utique
937 4445 1150 4504 commendanda
1178 4446 1222 4503 ait.
1265 4446 1374 4506 Eodem

267 4543 328 4602 iere
350 4548 433 4607 modo
455 4548 487 4605 ll.
508 4548 547 4621 ll,
572 4550 620 4607 ll.
642 4549 669 4605 in
690 4550 782 4607 verbis
803 4568 857 4607 neo
879 4551 947 4607 mili
965 4552 1059 4608 motor
1078 4552 1110 4605 in
1132 4558 1183 4607 tua
1205 4551 1369 4634 vigilantio,
